day;timestamp;buyer;seller;symbol;currency;price;quantity
1;0;Caesar;Paris;CROISSANTS;SEASHELLS;4265.0;8
1;100;Charlie;Paris;RAINFOREST_RESIN;SEASHELLS;9999.0;1
1;200;Paris;Caesar;CROISSANTS;SEASHELLS;4266.0;8
1;200;Paris;Caesar;JAMS;SEASHELLS;6520.0;7
1;200;Paris;Charlie;KELP;SEASHELLS;2046.0;1
1;200;Paris;Charlie;SQUID_INK;SEASHELLS;1803.0;1
1;300;Charlie;Paris;KELP;SEASHELLS;2044.0;1
1;300;Charlie;Paris;SQUID_INK;SEASHELLS;1801.0;1
1;500;Paris;Charlie;KELP;SEASHELLS;2047.0;2
1;500;Paris;Charlie;SQUID_INK;SEASHELLS;1804.0;2
1;600;Paris;Caesar;CROISSANTS;SEASHELLS;4266.0;5
1;700;Charlie;Gina;RAINFOREST_RESIN;SEASHELLS;9997.0;9
1;900;Charlie;Gary;KELP;SEASHELLS;2043.0;8
1;900;Charlie;Pablo;RAINFOREST_RESIN;SEASHELLS;9998.0;4
1;900;Charlie;Gary;SQUID_INK;SEASHELLS;1803.0;8
1;1000;Paris;Caesar;JAMS;SEASHELLS;6522.0;4
1;1200;Caesar;Paris;JAMS;SEASHELLS;6521.0;9
1;1200;Camilla;Paris;KELP;SEASHELLS;2043.0;1
1;1200;Camilla;Paris;SQUID_INK;SEASHELLS;1804.0;1
1;1300;Pablo;Camilla;PICNIC_BASKET1;SEASHELLS;58732.0;6
1;1300;Pablo;Camilla;PICNIC_BASKET2;SEASHELLS;30114.0;6
1;1300;Paris;Camilla;RAINFOREST_RESIN;SEASHELLS;10003.0;1
1;1500;Charlie;Paris;KELP;SEASHELLS;2044.0;1
1;1500;Caesar;Paris;MAGNIFICENT_MACARONS;SEASHELLS;660.0;5
1;1500;Charlie;Paris;SQUID_INK;SEASHELLS;1804.0;1
1;1600;Caesar;Paris;CROISSANTS;SEASHELLS;4267.0;8
1;1700;Paris;Caesar;DJEMBES;SEASHELLS;13417.0;3
1;2000;Caesar;Paris;DJEMBES;SEASHELLS;13415.0;2
1;2000;Charlie;Camilla;SQUID_INK;SEASHELLS;1806.0;1
1;2100;Penelope;Charlie;RAINFOREST_RESIN;SEASHELLS;10008.0;4
1;2300;Caesar;Paris;DJEMBES;SEASHELLS;13416.0;2
1;2400;Paris;Charlie;MAGNIFICENT_MACARONS;SEASHELLS;684.0;4
1;2500;Paris;Caesar;JAMS;SEASHELLS;6522.0;6
1;2800;Caesar;Paris;JAMS;SEASHELLS;6520.0;9
1;2900;Caesar;Paris;JAMS;SEASHELLS;6520.0;10
1;3200;Paris;Camilla;KELP;SEASHELLS;2045.0;2
1;3200;Paris;Camilla;SQUID_INK;SEASHELLS;1807.0;2
1;3500;Charlie;Camilla;SQUID_INK;SEASHELLS;1807.0;1
1;3500;Camilla;Caesar;VOLCANIC_ROCK_VOUCHER_10000;SEASHELLS;234.0;14
1;3500;Caesar;Caesar;VOLCANIC_ROCK_VOUCHER_10000;SEASHELLS;234.0;2
1;3500;Camilla;Caesar;VOLCANIC_ROCK_VOUCHER_10250;SEASHELLS;64.0;14
1;3500;Caesar;Caesar;VOLCANIC_ROCK_VOUCHER_10250;SEASHELLS;64.0;2
1;3500;Camilla;Caesar;VOLCANIC_ROCK_VOUCHER_10500;SEASHELLS;9.0;14
1;3500;Caesar;Caesar;VOLCANIC_ROCK_VOUCHER_10500;SEASHELLS;9.0;2
1;3500;Camilla;Caesar;VOLCANIC_ROCK_VOUCHER_9500;SEASHELLS;722.0;14
1;3500;Caesar;Caesar;VOLCANIC_ROCK_VOUCHER_9500;SEASHELLS;722.0;2
1;3500;Camilla;Caesar;VOLCANIC_ROCK_VOUCHER_9750;SEASHELLS;473.0;14
1;3500;Caesar;Caesar;VOLCANIC_ROCK_VOUCHER_9750;SEASHELLS;473.0;2
1;3700;Charlie;Pablo;KELP;SEASHELLS;2044.0;5
1;3700;Charlie;Pablo;SQUID_INK;SEASHELLS;1807.0;5
1;3900;Caesar;Peter;VOLCANIC_ROCK;SEASHELLS;10217.0;10
1;4200;Camilla;Pablo;VOLCANIC_ROCK_VOUCHER_10000;SEASHELLS;227.0;7
1;4200;Camilla;Pablo;VOLCANIC_ROCK_VOUCHER_10250;SEASHELLS;61.0;7
1;4200;Camilla;Pablo;VOLCANIC_ROCK_VOUCHER_10500;SEASHELLS;8.0;7
1;4200;Camilla;Pablo;VOLCANIC_ROCK_VOUCHER_9500;SEASHELLS;714.0;7
1;4200;Camilla;Pablo;VOLCANIC_ROCK_VOUCHER_9750;SEASHELLS;465.0;7
1;4500;Charlie;Pablo;RAINFOREST_RESIN;SEASHELLS;9998.0;3
1;4600;Caesar;Camilla;JAMS;SEASHELLS;6523.0;10
1;4600;Paris;Charlie;KELP;SEASHELLS;2046.0;1
1;4600;Paris;Charlie;SQUID_INK;SEASHELLS;1804.0;1
1;4700;Penelope;Charlie;KELP;SEASHELLS;2047.0;4
1;4700;Penelope;Charlie;SQUID_INK;SEASHELLS;1805.0;4
1;4800;Charlie;Gary;RAINFOREST_RESIN;SEASHELLS;9992.0;7
1;4800;Penelope;Camilla;VOLCANIC_ROCK_VOUCHER_10000;SEASHELLS;232.0;15
1;4800;Penelope;Camilla;VOLCANIC_ROCK_VOUCHER_9500;SEASHELLS;717.0;15
1;4800;Penelope;Camilla;VOLCANIC_ROCK_VOUCHER_9750;SEASHELLS;468.0;15
1;4900;Caesar;Camilla;DJEMBES;SEASHELLS;13421.0;7
1;4900;Paris;Charlie;KELP;SEASHELLS;2047.0;2
1;4900;Paris;Charlie;SQUID_INK;SEASHELLS;1806.0;2
1;5000;Caesar;Camilla;CROISSANTS;SEASHELLS;4267.0;4
1;5100;Paris;Camilla;RAINFOREST_RESIN;SEASHELLS;10003.0;2
1;5300;Charlie;Penelope;RAINFOREST_RESIN;SEASHELLS;9992.0;7
1;5400;Charlie;Pablo;KELP;SEASHELLS;2044.0;5
1;5400;Caesar;Caesar;VOLCANIC_ROCK;SEASHELLS;10220.0;7
1;5500;Caesar;Camilla;JAMS;SEASHELLS;6522.0;4
1;5700;Gary;Charlie;KELP;SEASHELLS;2047.0;14
1;5700;Caesar;Pablo;PICNIC_BASKET1;SEASHELLS;58704.0;1
1;5700;Camilla;Pablo;PICNIC_BASKET1;SEASHELLS;58703.0;1
1;5700;Camilla;Pablo;PICNIC_BASKET2;SEASHELLS;30091.0;2
1;5700;Gary;Charlie;SQUID_INK;SEASHELLS;1808.0;14
1;5800;Gary;Charlie;KELP;SEASHELLS;2047.0;14
1;5800;Gary;Charlie;SQUID_INK;SEASHELLS;1808.0;14
1;5900;Gary;Charlie;KELP;SEASHELLS;2047.0;12
1;5900;Pablo;Paris;KELP;SEASHELLS;2045.0;1
1;5900;Gary;Charlie;SQUID_INK;SEASHELLS;1809.0;12
1;5900;Pablo;Paris;SQUID_INK;SEASHELLS;1807.0;1
1;6100;Caesar;Paris;DJEMBES;SEASHELLS;13419.0;5
1;6100;Charlie;Pablo;KELP;SEASHELLS;2044.0;5
1;6100;Gary;Camilla;KELP;SEASHELLS;2046.0;8
1;6100;Gary;Pablo;SQUID_INK;SEASHELLS;1806.0;5
1;6100;Caesar;Caesar;VOLCANIC_ROCK;SEASHELLS;10223.0;10
1;6200;Caesar;Camilla;JAMS;SEASHELLS;6524.0;3
1;6300;Paris;Charlie;RAINFOREST_RESIN;SEASHELLS;10001.0;1
1;6400;Paris;Caesar;CROISSANTS;SEASHELLS;4266.0;8
1;6400;Paris;Pablo;RAINFOREST_RESIN;SEASHELLS;10001.0;1
1;6600;Charlie;Paris;RAINFOREST_RESIN;SEASHELLS;9999.0;1
1;6800;Caesar;Paris;JAMS;SEASHELLS;6525.0;5
1;6800;Penelope;Charlie;RAINFOREST_RESIN;SEASHELLS;10008.0;4
1;6900;Paris;Caesar;DJEMBES;SEASHELLS;13417.0;2
1;7000;Penelope;Camilla;VOLCANIC_ROCK_VOUCHER_10000;SEASHELLS;241.0;15
1;7000;Penelope;Camilla;VOLCANIC_ROCK_VOUCHER_9500;SEASHELLS;726.0;15
1;7000;Penelope;Camilla;VOLCANIC_ROCK_VOUCHER_9750;SEASHELLS;477.0;15
1;7100;Caesar;Camilla;CROISSANTS;SEASHELLS;4266.0;7
1;7200;Caesar;Camilla;CROISSANTS;SEASHELLS;4267.0;5
1;7300;Caesar;Paris;JAMS;SEASHELLS;6526.0;8
1;7300;Paris;Penelope;RAINFOREST_RESIN;SEASHELLS;10001.0;1
1;7400;Charlie;Paris;KELP;SEASHELLS;2044.0;1
1;7400;Charlie;Paris;SQUID_INK;SEASHELLS;1807.0;1
1;7500;Paris;Caesar;JAMS;SEASHELLS;6527.0;7
1;7600;Camilla;Caesar;VOLCANIC_ROCK_VOUCHER_10000;SEASHELLS;238.0;13
1;7600;Camilla;Caesar;VOLCANIC_ROCK_VOUCHER_10250;SEASHELLS;67.0;13
1;7600;Camilla;Caesar;VOLCANIC_ROCK_VOUCHER_10500;SEASHELLS;9.0;13
1;7600;Camilla;Caesar;VOLCANIC_ROCK_VOUCHER_9500;SEASHELLS;727.0;13
1;7600;Camilla;Caesar;VOLCANIC_ROCK_VOUCHER_9750;SEASHELLS;478.0;13
1;7800;Paris;Charlie;KELP;SEASHELLS;2046.0;1
1;7800;Paris;Charlie;SQUID_INK;SEASHELLS;1810.0;1
1;7900;Caesar;Paris;CROISSANTS;SEASHELLS;4267.0;8
1;7900;Caesar;Paris;JAMS;SEASHELLS;6526.0;5
1;8000;Camilla;Camilla;MAGNIFICENT_MACARONS;SEASHELLS;667.0;2
1;8200;Caesar;Paris;JAMS;SEASHELLS;6524.0;5
1;8600;Paris;Charlie;MAGNIFICENT_MACARONS;SEASHELLS;658.0;6
1;8900;Pablo;Caesar;PICNIC_BASKET1;SEASHELLS;58772.0;2
1;8900;Pablo;Camilla;PICNIC_BASKET1;SEASHELLS;58772.0;1
1;8900;Pablo;Camilla;PICNIC_BASKET2;SEASHELLS;30105.0;3
1;9000;Penelope;Camilla;RAINFOREST_RESIN;SEASHELLS;10003.0;8
1;9100;Caesar;Penelope;PICNIC_BASKET1;SEASHELLS;58767.0;1
1;9100;Camilla;Penelope;PICNIC_BASKET2;SEASHELLS;30099.0;9
1;9200;Pablo;Caesar;VOLCANIC_ROCK;SEASHELLS;10227.0;1
1;9300;Caesar;Camilla;JAMS;SEASHELLS;6525.0;9
1;9300;Charlie;Pablo;RAINFOREST_RESIN;SEASHELLS;9992.0;5
1;9300;Peter;Caesar;VOLCANIC_ROCK;SEASHELLS;10226.0;10
1;9400;Charlie;Paris;KELP;SEASHELLS;2044.0;1
1;9400;Caesar;Paris;MAGNIFICENT_MACARONS;SEASHELLS;652.0;5
1;9400;Charlie;Paris;SQUID_INK;SEASHELLS;1809.0;1
1;9400;Camilla;Pablo;VOLCANIC_ROCK_VOUCHER_10000;SEASHELLS;234.0;10
1;9400;Camilla;Pablo;VOLCANIC_ROCK_VOUCHER_10250;SEASHELLS;65.0;10
1;9400;Camilla;Pablo;VOLCANIC_ROCK_VOUCHER_10500;SEASHELLS;9.0;10
1;9400;Camilla;Pablo;VOLCANIC_ROCK_VOUCHER_9500;SEASHELLS;722.0;10
1;9400;Camilla;Pablo;VOLCANIC_ROCK_VOUCHER_9750;SEASHELLS;474.0;10
1;9600;Paris;Paris;KELP;SEASHELLS;2046.0;1
1;9600;Paris;Paris;SQUID_INK;SEASHELLS;1809.0;1
1;9800;Paris;Caesar;DJEMBES;SEASHELLS;13418.0;4
1;9800;Caesar;Peter;VOLCANIC_ROCK;SEASHELLS;10222.0;8
1;9900;Paris;Caesar;JAMS;SEASHELLS;6521.0;5
1;9900;Paris;Caesar;KELP;SEASHELLS;2046.0;1
1;9900;Charlie;Caesar;KELP;SEASHELLS;2045.0;5
1;9900;Paris;Caesar;SQUID_INK;SEASHELLS;1807.0;1
1;9900;Charlie;Caesar;SQUID_INK;SEASHELLS;1806.0;5
1;10000;Caesar;Paris;CROISSANTS;SEASHELLS;4269.0;8
1;10100;Paris;Caesar;JAMS;SEASHELLS;6519.0;4
1;10300;Caesar;Paris;DJEMBES;SEASHELLS;13416.0;3
1;10300;Charlie;Pablo;RAINFOREST_RESIN;SEASHELLS;9998.0;5
1;10400;Caesar;Peter;VOLCANIC_ROCK;SEASHELLS;10219.0;10
1;10500;Camilla;Paris;KELP;SEASHELLS;2044.0;2
1;10500;Camilla;Paris;SQUID_INK;SEASHELLS;1803.0;2
1;10600;Paris;Camilla;KELP;SEASHELLS;2046.0;1
1;10600;Paris;Camilla;SQUID_INK;SEASHELLS;1803.0;1
1;10600;Caesar;Camilla;SQUID_INK;SEASHELLS;1803.0;4
1;10600;Peter;Caesar;VOLCANIC_ROCK;SEASHELLS;10215.0;10
1;10800;Caesar;Paris;JAMS;SEASHELLS;6517.0;8
1;11200;Caesar;Caesar;VOLCANIC_ROCK;SEASHELLS;10214.0;8
1;11300;Pablo;Charlie;RAINFOREST_RESIN;SEASHELLS;10008.0;5
1;11700;Charlie;Caesar;KELP;SEASHELLS;2045.0;3
1;11700;Charlie;Caesar;SQUID_INK;SEASHELLS;1800.0;3
1;11700;Caesar;Caesar;VOLCANIC_ROCK;SEASHELLS;10207.0;7
1;12100;Paris;Caesar;DJEMBES;SEASHELLS;13421.0;1
1;12100;Paris;Camilla;KELP;SEASHELLS;2046.0;1
1;12100;Paris;Paris;MAGNIFICENT_MACARONS;SEASHELLS;630.0;5
1;12100;Paris;Camilla;SQUID_INK;SEASHELLS;1804.0;1
1;12200;Camilla;Paris;KELP;SEASHELLS;2044.0;1
1;12200;Camilla;Paris;SQUID_INK;SEASHELLS;1802.0;1
1;12300;Charlie;Pablo;KELP;SEASHELLS;2044.0;3
1;12300;Charlie;Pablo;SQUID_INK;SEASHELLS;1802.0;3
1;12400;Charlie;Paris;KELP;SEASHELLS;2044.0;1
1;12400;Charlie;Paris;SQUID_INK;SEASHELLS;1801.0;1
1;12500;Camilla;Caesar;VOLCANIC_ROCK_VOUCHER_10000;SEASHELLS;215.0;18
1;12500;Camilla;Caesar;VOLCANIC_ROCK_VOUCHER_10250;SEASHELLS;55.0;18
1;12500;Camilla;Caesar;VOLCANIC_ROCK_VOUCHER_10500;SEASHELLS;7.0;18
1;12500;Camilla;Caesar;VOLCANIC_ROCK_VOUCHER_9500;SEASHELLS;699.0;18
1;12500;Camilla;Caesar;VOLCANIC_ROCK_VOUCHER_9750;SEASHELLS;451.0;18
1;12700;Caesar;Paris;CROISSANTS;SEASHELLS;4266.0;7
1;12900;Penelope;Charlie;KELP;SEASHELLS;2048.0;6
1;12900;Penelope;Charlie;SQUID_INK;SEASHELLS;1804.0;6
1;13000;Caesar;Camilla;JAMS;SEASHELLS;6527.0;8
1;13200;Caesar;Penelope;PICNIC_BASKET1;SEASHELLS;58793.0;1
1;13200;Caesar;Penelope;PICNIC_BASKET2;SEASHELLS;30098.0;1
1;13300;Paris;Caesar;JAMS;SEASHELLS;6529.0;8
1;13400;Peter;Caesar;VOLCANIC_ROCK;SEASHELLS;10200.0;10
1;13500;Pablo;Charlie;RAINFOREST_RESIN;SEASHELLS;10008.0;4
1;13700;Caesar;Paris;CROISSANTS;SEASHELLS;4267.0;7
1;13700;Pablo;Camilla;KELP;SEASHELLS;2047.0;3
1;13700;Pablo;Camilla;SQUID_INK;SEASHELLS;1807.0;3
1;13800;Charlie;Paris;RAINFOREST_RESIN;SEASHELLS;9999.0;1
1;13900;Charlie;Paris;KELP;SEASHELLS;2045.0;1
1;13900;Penelope;Camilla;KELP;SEASHELLS;2047.0;3
1;13900;Charlie;Paris;SQUID_INK;SEASHELLS;1805.0;1
1;13900;Penelope;Camilla;SQUID_INK;SEASHELLS;1807.0;3
1;14000;Charlie;Penelope;KELP;SEASHELLS;2045.0;15
1;14000;Paris;Charlie;RAINFOREST_RESIN;SEASHELLS;10008.0;2
1;14000;Charlie;Penelope;SQUID_INK;SEASHELLS;1804.0;15
1;14100;Pablo;Charlie;KELP;SEASHELLS;2047.0;4
1;14200;Caesar;Paris;CROISSANTS;SEASHELLS;4268.0;6
1;14300;Caesar;Paris;JAMS;SEASHELLS;6529.0;5
1;14400;Caesar;Camilla;CROISSANTS;SEASHELLS;4268.0;9
1;14400;Paris;Caesar;JAMS;SEASHELLS;6530.0;6
1;14500;Charlie;Pablo;KELP;SEASHELLS;2046.0;5
1;14500;Caesar;Pablo;SQUID_INK;SEASHELLS;1806.0;1
1;14500;Charlie;Pablo;SQUID_INK;SEASHELLS;1806.0;4
1;14700;Paris;Caesar;DJEMBES;SEASHELLS;13422.0;1
1;14700;Paris;Charlie;KELP;SEASHELLS;2047.0;1
1;14700;Paris;Charlie;SQUID_INK;SEASHELLS;1807.0;1
1;14800;Caesar;Camilla;CROISSANTS;SEASHELLS;4267.0;10
1;15000;Caesar;Paris;CROISSANTS;SEASHELLS;4267.0;5
1;15000;Paris;Charlie;KELP;SEASHELLS;2047.0;1
1;15000;Caesar;Caesar;VOLCANIC_ROCK;SEASHELLS;10197.0;6
1;15000;Camilla;Caesar;VOLCANIC_ROCK_VOUCHER_10000;SEASHELLS;212.0;17
1;15000;Camilla;Caesar;VOLCANIC_ROCK_VOUCHER_10250;SEASHELLS;54.0;17
1;15000;Camilla;Caesar;VOLCANIC_ROCK_VOUCHER_10500;SEASHELLS;7.0;17
1;15000;Camilla;Caesar;VOLCANIC_ROCK_VOUCHER_9500;SEASHELLS;697.0;17
1;15000;Camilla;Caesar;VOLCANIC_ROCK_VOUCHER_9750;SEASHELLS;449.0;17
1;15200;Paris;Caesar;JAMS;SEASHELLS;6529.0;5
1;15200;Camilla;Pablo;KELP;SEASHELLS;2045.0;2
1;15200;Charlie;Pablo;KELP;SEASHELLS;2045.0;1
1;15200;Paris;Charlie;MAGNIFICENT_MACARONS;SEASHELLS;645.0;6
1;15200;Camilla;Pablo;SQUID_INK;SEASHELLS;1803.0;2
1;15200;Charlie;Pablo;SQUID_INK;SEASHELLS;1803.0;1
1;15300;Caesar;Paris;RAINFOREST_RESIN;SEASHELLS;9999.0;1
1;15500;Camilla;Paris;KELP;SEASHELLS;2045.0;1
1;15500;Camilla;Paris;SQUID_INK;SEASHELLS;1804.0;1
1;15800;Paris;Caesar;CROISSANTS;SEASHELLS;4267.0;7
1;16100;Camilla;Paris;KELP;SEASHELLS;2045.0;1
1;16100;Camilla;Paris;SQUID_INK;SEASHELLS;1805.0;1
1;16200;Caesar;Paris;DJEMBES;SEASHELLS;13421.0;4
1;16200;Camilla;Caesar;PICNIC_BASKET2;SEASHELLS;30104.0;1
1;16300;Paris;Camilla;KELP;SEASHELLS;2047.0;1
1;16300;Charlie;Paris;RAINFOREST_RESIN;SEASHELLS;9992.0;1
1;16300;Paris;Camilla;SQUID_INK;SEASHELLS;1806.0;1
1;16400;Gary;Caesar;KELP;SEASHELLS;2048.0;1
1;16400;Gary;Charlie;KELP;SEASHELLS;2048.0;8
1;16400;Paris;Caesar;RAINFOREST_RESIN;SEASHELLS;10001.0;1
1;16400;Gary;Charlie;SQUID_INK;SEASHELLS;1806.0;9
1;16500;Paris;Charlie;MAGNIFICENT_MACARONS;SEASHELLS;663.0;6
1;16600;Paris;Paris;RAINFOREST_RESIN;SEASHELLS;10001.0;1
1;16700;Caesar;Paris;DJEMBES;SEASHELLS;13425.0;3
1;16700;Paris;Charlie;KELP;SEASHELLS;2048.0;2
1;16700;Charlie;Paris;RAINFOREST_RESIN;SEASHELLS;9992.0;1
1;16700;Paris;Caesar;SQUID_INK;SEASHELLS;1807.0;2
1;16900;Paris;Caesar;CROISSANTS;SEASHELLS;4266.0;5
1;17300;Paris;Charlie;RAINFOREST_RESIN;SEASHELLS;10008.0;2
1;17300;Camilla;Pablo;VOLCANIC_ROCK_VOUCHER_10000;SEASHELLS;215.0;9
1;17300;Camilla;Pablo;VOLCANIC_ROCK_VOUCHER_10250;SEASHELLS;53.0;9
1;17300;Camilla;Pablo;VOLCANIC_ROCK_VOUCHER_10500;SEASHELLS;6.0;9
1;17300;Camilla;Pablo;VOLCANIC_ROCK_VOUCHER_9500;SEASHELLS;695.0;9
1;17300;Camilla;Pablo;VOLCANIC_ROCK_VOUCHER_9750;SEASHELLS;446.0;9
1;17900;Paris;Charlie;KELP;SEASHELLS;2047.0;1
1;17900;Paris;Charlie;MAGNIFICENT_MACARONS;SEASHELLS;665.0;5
1;17900;Paris;Charlie;SQUID_INK;SEASHELLS;1804.0;1
1;17900;Camilla;Pablo;VOLCANIC_ROCK_VOUCHER_10000;SEASHELLS;216.0;14
1;17900;Camilla;Pablo;VOLCANIC_ROCK_VOUCHER_10250;SEASHELLS;54.0;14
1;17900;Camilla;Pablo;VOLCANIC_ROCK_VOUCHER_10500;SEASHELLS;7.0;14
1;17900;Camilla;Pablo;VOLCANIC_ROCK_VOUCHER_9500;SEASHELLS;698.0;14
1;17900;Camilla;Pablo;VOLCANIC_ROCK_VOUCHER_9750;SEASHELLS;449.0;14
1;18000;Paris;Paris;KELP;SEASHELLS;2047.0;1
1;18000;Paris;Paris;SQUID_INK;SEASHELLS;1805.0;1
1;18200;Paris;Paris;RAINFOREST_RESIN;SEASHELLS;10001.0;1
1;18500;Charlie;Penelope;RAINFOREST_RESIN;SEASHELLS;9992.0;6
1;18600;Charlie;Paris;KELP;SEASHELLS;2045.0;1
1;18600;Charlie;Paris;SQUID_INK;SEASHELLS;1795.0;1
1;18700;Paris;Charlie;KELP;SEASHELLS;2047.0;1
1;18800;Paris;Caesar;DJEMBES;SEASHELLS;13424.0;4
1;19000;Caesar;Paris;CROISSANTS;SEASHELLS;4265.0;7
1;19000;Paris;Camilla;KELP;SEASHELLS;2047.0;1
1;19000;Paris;Camilla;SQUID_INK;SEASHELLS;1799.0;1
1;19100;Caesar;Pablo;KELP;SEASHELLS;2045.0;1
1;19100;Charlie;Pablo;KELP;SEASHELLS;2045.0;1
1;19100;Charlie;Pablo;SQUID_INK;SEASHELLS;1796.0;2
1;19200;Paris;Camilla;KELP;SEASHELLS;2046.0;1
1;19200;Paris;Camilla;SQUID_INK;SEASHELLS;1797.0;1
1;19300;Gary;Charlie;KELP;SEASHELLS;2048.0;10
1;19300;Penelope;Charlie;RAINFOREST_RESIN;SEASHELLS;10008.0;5
1;19300;Gary;Charlie;SQUID_INK;SEASHELLS;1799.0;10
1;19400;Paris;Charlie;RAINFOREST_RESIN;SEASHELLS;10001.0;1
1;19400;Charlie;Paris;SQUID_INK;SEASHELLS;1796.0;1
1;19400;Camilla;Caesar;VOLCANIC_ROCK_VOUCHER_10000;SEASHELLS;219.0;17
1;19400;Camilla;Caesar;VOLCANIC_ROCK_VOUCHER_10250;SEASHELLS;55.0;17
1;19400;Camilla;Caesar;VOLCANIC_ROCK_VOUCHER_10500;SEASHELLS;7.0;17
1;19400;Camilla;Caesar;VOLCANIC_ROCK_VOUCHER_9500;SEASHELLS;701.0;17
1;19400;Camilla;Caesar;VOLCANIC_ROCK_VOUCHER_9750;SEASHELLS;452.0;17
1;19500;Caesar;Paris;KELP;SEASHELLS;2045.0;1
1;19500;Charlie;Paris;KELP;SEASHELLS;2045.0;1
1;19500;Charlie;Paris;SQUID_INK;SEASHELLS;1792.0;2
1;19600;Paris;Caesar;DJEMBES;SEASHELLS;13426.0;5
1;19700;Caesar;Paris;KELP;SEASHELLS;2045.0;1
1;19700;Caesar;Penelope;KELP;SEASHELLS;2045.0;1
1;19700;Charlie;Penelope;KELP;SEASHELLS;2045.0;14
1;19700;Charlie;Paris;SQUID_INK;SEASHELLS;1795.0;1
1;19700;Charlie;Penelope;SQUID_INK;SEASHELLS;1795.0;15
1;19900;Caesar;Paris;CROISSANTS;SEASHELLS;4263.0;5
1;19900;Paris;Pablo;RAINFOREST_RESIN;SEASHELLS;9998.0;1
1;20000;Paris;Caesar;DJEMBES;SEASHELLS;13439.0;1
1;20000;Paris;Camilla;KELP;SEASHELLS;2047.0;1
1;20000;Paris;Camilla;SQUID_INK;SEASHELLS;1796.0;1
1;20100;Paris;Charlie;KELP;SEASHELLS;2048.0;2
1;20100;Paris;Charlie;SQUID_INK;SEASHELLS;1796.0;2
1;20300;Paris;Caesar;CROISSANTS;SEASHELLS;4264.0;6
1;20300;Charlie;Paris;KELP;SEASHELLS;2045.0;1
1;20300;Charlie;Gary;RAINFOREST_RESIN;SEASHELLS;9992.0;7
1;20300;Charlie;Paris;SQUID_INK;SEASHELLS;1793.0;1
1;20300;Caesar;Pablo;VOLCANIC_ROCK;SEASHELLS;10200.0;2
1;20500;Camilla;Camilla;MAGNIFICENT_MACARONS;SEASHELLS;649.0;2
1;20800;Caesar;Paris;JAMS;SEASHELLS;6532.0;4
1;21000;Penelope;Caesar;PICNIC_BASKET1;SEASHELLS;58805.0;2
1;21000;Penelope;Caesar;PICNIC_BASKET2;SEASHELLS;30104.0;2
1;21000;Camilla;Caesar;VOLCANIC_ROCK_VOUCHER_10000;SEASHELLS;217.0;12
1;21000;Camilla;Caesar;VOLCANIC_ROCK_VOUCHER_10250;SEASHELLS;55.0;12
1;21000;Camilla;Caesar;VOLCANIC_ROCK_VOUCHER_10500;SEASHELLS;7.0;12
1;21000;Camilla;Caesar;VOLCANIC_ROCK_VOUCHER_9500;SEASHELLS;701.0;12
1;21000;Camilla;Caesar;VOLCANIC_ROCK_VOUCHER_9750;SEASHELLS;452.0;12
1;21100;Paris;Caesar;DJEMBES;SEASHELLS;13444.0;5
1;21300;Paris;Charlie;KELP;SEASHELLS;2047.0;1
1;21300;Charlie;Paris;RAINFOREST_RESIN;SEASHELLS;9999.0;1
1;21300;Paris;Charlie;SQUID_INK;SEASHELLS;1800.0;1
1;21300;Camilla;Caesar;VOLCANIC_ROCK_VOUCHER_10000;SEASHELLS;221.0;14
1;21300;Camilla;Caesar;VOLCANIC_ROCK_VOUCHER_10250;SEASHELLS;57.0;14
1;21300;Camilla;Caesar;VOLCANIC_ROCK_VOUCHER_10500;SEASHELLS;7.0;14
1;21300;Camilla;Caesar;VOLCANIC_ROCK_VOUCHER_9500;SEASHELLS;706.0;14
1;21300;Camilla;Caesar;VOLCANIC_ROCK_VOUCHER_9750;SEASHELLS;457.0;14
1;21400;Camilla;Penelope;VOLCANIC_ROCK_VOUCHER_10000;SEASHELLS;218.0;17
1;21400;Camilla;Penelope;VOLCANIC_ROCK_VOUCHER_10250;SEASHELLS;57.0;17
1;21400;Camilla;Penelope;VOLCANIC_ROCK_VOUCHER_9500;SEASHELLS;704.0;17
1;21400;Camilla;Penelope;VOLCANIC_ROCK_VOUCHER_9750;SEASHELLS;455.0;17
1;21600;Caesar;Paris;CROISSANTS;SEASHELLS;4264.0;8
1;21600;Paris;Charlie;RAINFOREST_RESIN;SEASHELLS;10008.0;1
1;21700;Caesar;Paris;DJEMBES;SEASHELLS;13447.0;3
1;21700;Paris;Camilla;KELP;SEASHELLS;2047.0;1
1;21700;Paris;Camilla;SQUID_INK;SEASHELLS;1798.0;1
1;21800;Paris;Caesar;CROISSANTS;SEASHELLS;4265.0;7
1;21800;Caesar;Paris;DJEMBES;SEASHELLS;13446.0;5
1;21800;Gina;Charlie;KELP;SEASHELLS;2047.0;10
1;21900;Charlie;Gary;KELP;SEASHELLS;2045.0;13
1;21900;Charlie;Gary;SQUID_INK;SEASHELLS;1796.0;13
1;22000;Charlie;Pablo;KELP;SEASHELLS;2045.0;3
1;22000;Charlie;Pablo;SQUID_INK;SEASHELLS;1796.0;3
1;22100;Caesar;Paris;DJEMBES;SEASHELLS;13449.0;1
1;22200;Caesar;Paris;RAINFOREST_RESIN;SEASHELLS;9999.0;1
1;22200;Caesar;Caesar;VOLCANIC_ROCK;SEASHELLS;10211.0;5
1;22400;Caesar;Paris;JAMS;SEASHELLS;6525.0;9
1;22400;Paris;Charlie;MAGNIFICENT_MACARONS;SEASHELLS;651.0;5
1;22500;Pablo;Charlie;RAINFOREST_RESIN;SEASHELLS;10008.0;4
1;22600;Gina;Camilla;KELP;SEASHELLS;2047.0;2
1;22600;Gina;Charlie;KELP;SEASHELLS;2047.0;5
1;22600;Gina;Camilla;SQUID_INK;SEASHELLS;1794.0;2
1;22700;Charlie;Gary;KELP;SEASHELLS;2045.0;11
1;22700;Charlie;Pablo;RAINFOREST_RESIN;SEASHELLS;9998.0;4
1;22700;Charlie;Gary;SQUID_INK;SEASHELLS;1791.0;11
1;22800;Camilla;Caesar;VOLCANIC_ROCK_VOUCHER_10000;SEASHELLS;222.0;17
1;22800;Caesar;Caesar;VOLCANIC_ROCK_VOUCHER_10000;SEASHELLS;222.0;1
1;22800;Camilla;Caesar;VOLCANIC_ROCK_VOUCHER_10250;SEASHELLS;59.0;17
1;22800;Caesar;Caesar;VOLCANIC_ROCK_VOUCHER_10250;SEASHELLS;59.0;1
1;22800;Camilla;Caesar;VOLCANIC_ROCK_VOUCHER_10500;SEASHELLS;7.0;17
1;22800;Caesar;Caesar;VOLCANIC_ROCK_VOUCHER_10500;SEASHELLS;7.0;1
1;22800;Camilla;Caesar;VOLCANIC_ROCK_VOUCHER_9500;SEASHELLS;709.0;17
1;22800;Caesar;Caesar;VOLCANIC_ROCK_VOUCHER_9500;SEASHELLS;709.0;1
1;22800;Camilla;Caesar;VOLCANIC_ROCK_VOUCHER_9750;SEASHELLS;460.0;17
1;22800;Caesar;Caesar;VOLCANIC_ROCK_VOUCHER_9750;SEASHELLS;460.0;1
1;22900;Caesar;Paris;DJEMBES;SEASHELLS;13451.0;5
1;23100;Paris;Caesar;JAMS;SEASHELLS;6530.0;8
1;23200;Caesar;Paris;DJEMBES;SEASHELLS;13449.0;3
1;23400;Paris;Charlie;RAINFOREST_RESIN;SEASHELLS;10008.0;2
1;23600;Caesar;Paris;DJEMBES;SEASHELLS;13447.0;2
1;23600;Caesar;Camilla;JAMS;SEASHELLS;6533.0;3
1;23600;Caesar;Caesar;VOLCANIC_ROCK;SEASHELLS;10207.0;6
1;23700;Paris;Charlie;KELP;SEASHELLS;2048.0;1
1;23700;Paris;Charlie;SQUID_INK;SEASHELLS;1795.0;1
1;23900;Camilla;Pablo;PICNIC_BASKET1;SEASHELLS;58844.0;6
1;23900;Charlie;Pablo;PICNIC_BASKET2;SEASHELLS;30091.0;6
1;23900;Camilla;Penelope;RAINFOREST_RESIN;SEASHELLS;9997.0;5
1;24000;Caesar;Paris;JAMS;SEASHELLS;6533.0;9
1;24000;Penelope;Charlie;RAINFOREST_RESIN;SEASHELLS;10008.0;8
1;24100;Camilla;Caesar;VOLCANIC_ROCK_VOUCHER_10000;SEASHELLS;217.0;15
1;24100;Camilla;Caesar;VOLCANIC_ROCK_VOUCHER_10250;SEASHELLS;55.0;15
1;24100;Camilla;Caesar;VOLCANIC_ROCK_VOUCHER_10500;SEASHELLS;7.0;15
1;24100;Camilla;Caesar;VOLCANIC_ROCK_VOUCHER_9500;SEASHELLS;701.0;15
1;24100;Camilla;Caesar;VOLCANIC_ROCK_VOUCHER_9750;SEASHELLS;453.0;15
1;24300;Caesar;Paris;DJEMBES;SEASHELLS;13447.0;1
1;24300;Paris;Charlie;RAINFOREST_RESIN;SEASHELLS;10008.0;1
1;24400;Caesar;Camilla;CROISSANTS;SEASHELLS;4263.0;9
1;24400;Caesar;Paris;DJEMBES;SEASHELLS;13448.0;3
1;24400;Charlie;Paris;KELP;SEASHELLS;2046.0;1
1;24400;Charlie;Paris;SQUID_INK;SEASHELLS;1787.0;1
1;24600;Caesar;Paris;JAMS;SEASHELLS;6534.0;8
1;24900;Paris;Caesar;DJEMBES;SEASHELLS;13449.0;3
1;25100;Penelope;Caesar;PICNIC_BASKET1;SEASHELLS;58861.0;1
1;25100;Penelope;Camilla;PICNIC_BASKET2;SEASHELLS;30101.0;6
1;25400;Caesar;Penelope;PICNIC_BASKET1;SEASHELLS;58852.0;2
1;25400;Caesar;Penelope;PICNIC_BASKET2;SEASHELLS;30094.0;2
1;25500;Caesar;Paris;DJEMBES;SEASHELLS;13443.0;3
1;25600;Caesar;Paris;DJEMBES;SEASHELLS;13443.0;3
1;25700;Caesar;Paris;MAGNIFICENT_MACARONS;SEASHELLS;652.0;5
1;25800;Paris;Caesar;CROISSANTS;SEASHELLS;4265.0;8
1;25800;Paris;Caesar;JAMS;SEASHELLS;6536.0;4
1;25800;Charlie;Penelope;KELP;SEASHELLS;2045.0;8
1;25800;Charlie;Penelope;SQUID_INK;SEASHELLS;1790.0;8
1;25800;Caesar;Caesar;VOLCANIC_ROCK;SEASHELLS;10193.0;6
1;26100;Charlie;Paris;SQUID_INK;SEASHELLS;1791.0;1
1;26400;Caesar;Pablo;PICNIC_BASKET1;SEASHELLS;58851.0;1
1;26400;Camilla;Pablo;PICNIC_BASKET1;SEASHELLS;58850.0;6
1;26400;Camilla;Pablo;PICNIC_BASKET2;SEASHELLS;30090.0;7
1;26400;Camilla;Caesar;VOLCANIC_ROCK_VOUCHER_10000;SEASHELLS;214.0;10
1;26400;Camilla;Caesar;VOLCANIC_ROCK_VOUCHER_10250;SEASHELLS;56.0;10
1;26400;Camilla;Caesar;VOLCANIC_ROCK_VOUCHER_10500;SEASHELLS;7.0;10
1;26400;Camilla;Caesar;VOLCANIC_ROCK_VOUCHER_9500;SEASHELLS;702.0;10
1;26400;Camilla;Caesar;VOLCANIC_ROCK_VOUCHER_9750;SEASHELLS;453.0;10
1;26700;Charlie;Pablo;RAINFOREST_RESIN;SEASHELLS;9992.0;4
1;26700;Charlie;Pablo;SQUID_INK;SEASHELLS;1793.0;4
1;26800;Caesar;Camilla;CROISSANTS;SEASHELLS;4264.0;8
1;26800;Paris;Charlie;KELP;SEASHELLS;2048.0;1
1;26800;Paris;Charlie;SQUID_INK;SEASHELLS;1796.0;1
1;26900;Caesar;Camilla;JAMS;SEASHELLS;6531.0;8
1;27100;Paris;Camilla;KELP;SEASHELLS;2047.0;1
1;27100;Paris;Camilla;SQUID_INK;SEASHELLS;1790.0;1
1;27100;Camilla;Caesar;VOLCANIC_ROCK_VOUCHER_10000;SEASHELLS;218.0;11
1;27100;Camilla;Caesar;VOLCANIC_ROCK_VOUCHER_10250;SEASHELLS;55.0;11
1;27100;Camilla;Caesar;VOLCANIC_ROCK_VOUCHER_10500;SEASHELLS;7.0;11
1;27100;Camilla;Caesar;VOLCANIC_ROCK_VOUCHER_9500;SEASHELLS;701.0;11
1;27100;Camilla;Caesar;VOLCANIC_ROCK_VOUCHER_9750;SEASHELLS;453.0;11
1;27500;Caesar;Camilla;JAMS;SEASHELLS;6530.0;12
1;27500;Paris;Charlie;RAINFOREST_RESIN;SEASHELLS;10001.0;1
1;27600;Penelope;Charlie;KELP;SEASHELLS;2049.0;10
1;27600;Penelope;Charlie;SQUID_INK;SEASHELLS;1787.0;10
1;27700;Pablo;Charlie;RAINFOREST_RESIN;SEASHELLS;10008.0;4
1;27800;Camilla;Caesar;VOLCANIC_ROCK_VOUCHER_10000;SEASHELLS;216.0;15
1;27800;Camilla;Caesar;VOLCANIC_ROCK_VOUCHER_10250;SEASHELLS;53.0;15
1;27800;Camilla;Caesar;VOLCANIC_ROCK_VOUCHER_10500;SEASHELLS;7.0;15
1;27800;Camilla;Caesar;VOLCANIC_ROCK_VOUCHER_9500;SEASHELLS;696.0;15
1;27800;Camilla;Caesar;VOLCANIC_ROCK_VOUCHER_9750;SEASHELLS;448.0;15
1;27900;Caesar;Paris;CROISSANTS;SEASHELLS;4264.0;8
1;28000;Paris;Caesar;DJEMBES;SEASHELLS;13438.0;5
1;28000;Caesar;Caesar;VOLCANIC_ROCK;SEASHELLS;10196.0;7
1;28100;Charlie;Penelope;RAINFOREST_RESIN;SEASHELLS;9992.0;8
1;28200;Paris;Charlie;SQUID_INK;SEASHELLS;1789.0;1
1;28400;Pablo;Charlie;RAINFOREST_RESIN;SEASHELLS;10008.0;4
1;28600;Camilla;Gina;KELP;SEASHELLS;2046.0;1
1;28600;Charlie;Gina;KELP;SEASHELLS;2046.0;6
1;28600;Camilla;Gina;SQUID_INK;SEASHELLS;1783.0;1
1;28600;Charlie;Gina;SQUID_INK;SEASHELLS;1783.0;6
1;28700;Charlie;Penelope;RAINFOREST_RESIN;SEASHELLS;9992.0;5
1;28800;Charlie;Paris;KELP;SEASHELLS;2045.0;2
1;28800;Charlie;Paris;SQUID_INK;SEASHELLS;1784.0;2
1;29100;Paris;Charlie;KELP;SEASHELLS;2047.0;1
1;29100;Camilla;Camilla;MAGNIFICENT_MACARONS;SEASHELLS;675.0;3
1;29100;Gary;Caesar;RAINFOREST_RESIN;SEASHELLS;10000.0;2
1;29300;Caesar;Caesar;VOLCANIC_ROCK;SEASHELLS;10187.0;5
1;29500;Paris;Caesar;JAMS;SEASHELLS;6536.0;8
1;29500;Penelope;Charlie;KELP;SEASHELLS;2049.0;4
1;29500;Penelope;Charlie;SQUID_INK;SEASHELLS;1787.0;4
1;29500;Camilla;Caesar;VOLCANIC_ROCK_VOUCHER_10000;SEASHELLS;205.0;11
1;29500;Camilla;Caesar;VOLCANIC_ROCK_VOUCHER_10250;SEASHELLS;50.0;11
1;29500;Camilla;Caesar;VOLCANIC_ROCK_VOUCHER_10500;SEASHELLS;6.0;11
1;29500;Camilla;Caesar;VOLCANIC_ROCK_VOUCHER_9500;SEASHELLS;688.0;11
1;29500;Camilla;Caesar;VOLCANIC_ROCK_VOUCHER_9750;SEASHELLS;439.0;11
1;29700;Caesar;Paris;DJEMBES;SEASHELLS;13435.0;5
1;29800;Camilla;Paris;KELP;SEASHELLS;2045.0;1
1;29800;Camilla;Paris;SQUID_INK;SEASHELLS;1782.0;1
1;29900;Caesar;Pablo;KELP;SEASHELLS;2046.0;2
1;29900;Caesar;Pablo;SQUID_INK;SEASHELLS;1784.0;2
1;29900;Caesar;Caesar;VOLCANIC_ROCK;SEASHELLS;10189.0;8
1;30000;Paris;Caesar;JAMS;SEASHELLS;6536.0;8
1;30000;Caesar;Camilla;SQUID_INK;SEASHELLS;1783.0;2
1;30100;Paris;Caesar;JAMS;SEASHELLS;6536.0;10
1;30100;Charlie;Pablo;KELP;SEASHELLS;2046.0;3
1;30100;Charlie;Pablo;SQUID_INK;SEASHELLS;1784.0;3
1;30200;Caesar;Caesar;VOLCANIC_ROCK;SEASHELLS;10188.0;8
1;30300;Paris;Camilla;KELP;SEASHELLS;2047.0;1
1;30300;Paris;Camilla;SQUID_INK;SEASHELLS;1781.0;1
1;30400;Charlie;Gary;RAINFOREST_RESIN;SEASHELLS;9992.0;8
1;30500;Penelope;Charlie;RAINFOREST_RESIN;SEASHELLS;10008.0;5
1;30700;Penelope;Camilla;VOLCANIC_ROCK_VOUCHER_10000;SEASHELLS;202.0;12
1;30700;Penelope;Camilla;VOLCANIC_ROCK_VOUCHER_9500;SEASHELLS;685.0;12
1;30700;Penelope;Camilla;VOLCANIC_ROCK_VOUCHER_9750;SEASHELLS;436.0;12
1;30800;Caesar;Paris;CROISSANTS;SEASHELLS;4266.0;6
1;30800;Caesar;Paris;JAMS;SEASHELLS;6531.0;9
1;30800;Gina;Caesar;RAINFOREST_RESIN;SEASHELLS;10003.0;11
1;30900;Paris;Caesar;DJEMBES;SEASHELLS;13438.0;4
1;30900;Paris;Caesar;JAMS;SEASHELLS;6532.0;6
1;31000;Paris;Caesar;DJEMBES;SEASHELLS;13438.0;3
1;31000;Caesar;Camilla;JAMS;SEASHELLS;6531.0;9
1;31200;Caesar;Paris;DJEMBES;SEASHELLS;13435.0;4
1;31200;Camilla;Penelope;VOLCANIC_ROCK_VOUCHER_10000;SEASHELLS;199.0;11
1;31200;Camilla;Penelope;VOLCANIC_ROCK_VOUCHER_10250;SEASHELLS;48.0;11
1;31200;Camilla;Penelope;VOLCANIC_ROCK_VOUCHER_9500;SEASHELLS;682.0;11
1;31200;Camilla;Penelope;VOLCANIC_ROCK_VOUCHER_9750;SEASHELLS;433.0;11
1;31300;Paris;Charlie;KELP;SEASHELLS;2048.0;1
1;31300;Paris;Charlie;SQUID_INK;SEASHELLS;1776.0;1
1;31400;Penelope;Charlie;RAINFOREST_RESIN;SEASHELLS;10008.0;6
1;31600;Paris;Caesar;DJEMBES;SEASHELLS;13437.0;2
1;31700;Paris;Caesar;DJEMBES;SEASHELLS;13436.0;3
1;31700;Paris;Camilla;KELP;SEASHELLS;2048.0;1
1;31700;Paris;Camilla;SQUID_INK;SEASHELLS;1776.0;1
1;31800;Camilla;Caesar;VOLCANIC_ROCK_VOUCHER_10000;SEASHELLS;200.0;16
1;31800;Caesar;Caesar;VOLCANIC_ROCK_VOUCHER_10000;SEASHELLS;200.0;1
1;31800;Camilla;Caesar;VOLCANIC_ROCK_VOUCHER_10250;SEASHELLS;48.0;16
1;31800;Caesar;Caesar;VOLCANIC_ROCK_VOUCHER_10250;SEASHELLS;48.0;1
1;31800;Camilla;Caesar;VOLCANIC_ROCK_VOUCHER_10500;SEASHELLS;6.0;16
1;31800;Caesar;Caesar;VOLCANIC_ROCK_VOUCHER_10500;SEASHELLS;6.0;1
1;31800;Camilla;Caesar;VOLCANIC_ROCK_VOUCHER_9500;SEASHELLS;682.0;16
1;31800;Caesar;Caesar;VOLCANIC_ROCK_VOUCHER_9500;SEASHELLS;682.0;1
1;31800;Camilla;Caesar;VOLCANIC_ROCK_VOUCHER_9750;SEASHELLS;435.0;16
1;31800;Caesar;Caesar;VOLCANIC_ROCK_VOUCHER_9750;SEASHELLS;435.0;1
1;32000;Charlie;Pablo;KELP;SEASHELLS;2047.0;4
1;32000;Charlie;Pablo;SQUID_INK;SEASHELLS;1777.0;4
1;32200;Charlie;Caesar;KELP;SEASHELLS;2047.0;4
1;32200;Charlie;Caesar;SQUID_INK;SEASHELLS;1780.0;4
1;32300;Caesar;Paris;DJEMBES;SEASHELLS;13432.0;1
1;32400;Caesar;Paris;JAMS;SEASHELLS;6532.0;8
1;32400;Caesar;Penelope;PICNIC_BASKET1;SEASHELLS;58834.0;1
1;32400;Caesar;Penelope;PICNIC_BASKET2;SEASHELLS;30097.0;1
1;32500;Caesar;Paris;DJEMBES;SEASHELLS;13432.0;1
1;32500;Pablo;Caesar;RAINFOREST_RESIN;SEASHELLS;10002.0;5
1;32600;Caesar;Camilla;CROISSANTS;SEASHELLS;4269.0;9
1;32600;Penelope;Camilla;VOLCANIC_ROCK_VOUCHER_10000;SEASHELLS;202.0;17
1;32600;Penelope;Camilla;VOLCANIC_ROCK_VOUCHER_9500;SEASHELLS;682.0;17
1;32600;Penelope;Camilla;VOLCANIC_ROCK_VOUCHER_9750;SEASHELLS;434.0;17
1;32800;Caesar;Caesar;VOLCANIC_ROCK;SEASHELLS;10186.0;8
1;32900;Charlie;Paris;KELP;SEASHELLS;2047.0;1
1;32900;Charlie;Paris;SQUID_INK;SEASHELLS;1781.0;1
1;33100;Charlie;Paris;KELP;SEASHELLS;2046.0;1
1;33100;Charlie;Paris;SQUID_INK;SEASHELLS;1782.0;1
1;33200;Caesar;Camilla;CROISSANTS;SEASHELLS;4268.0;9
1;33200;Caesar;Camilla;DJEMBES;SEASHELLS;13434.0;6
1;33200;Charlie;Camilla;SQUID_INK;SEASHELLS;1784.0;1
1;33300;Caesar;Paris;DJEMBES;SEASHELLS;13433.0;4
1;33400;Paris;Charlie;RAINFOREST_RESIN;SEASHELLS;10008.0;2
1;33600;Paris;Charlie;KELP;SEASHELLS;2050.0;1
1;33600;Penelope;Caesar;PICNIC_BASKET1;SEASHELLS;58862.0;2
1;33600;Penelope;Camilla;PICNIC_BASKET2;SEASHELLS;30101.0;7
1;33600;Paris;Charlie;SQUID_INK;SEASHELLS;1789.0;1
1;33800;Paris;Caesar;JAMS;SEASHELLS;6533.0;10
1;34000;Charlie;Gary;RAINFOREST_RESIN;SEASHELLS;9992.0;6
1;34100;Charlie;Paris;RAINFOREST_RESIN;SEASHELLS;9999.0;1
1;34500;Charlie;Camilla;SQUID_INK;SEASHELLS;1788.0;4
1;34600;Gary;Charlie;RAINFOREST_RESIN;SEASHELLS;10008.0;6
1;34600;Paris;Charlie;RAINFOREST_RESIN;SEASHELLS;10008.0;1
1;34700;Paris;Caesar;CROISSANTS;SEASHELLS;4271.0;5
1;34700;Charlie;Pablo;RAINFOREST_RESIN;SEASHELLS;9992.0;6
1;34700;Charlie;Paris;RAINFOREST_RESIN;SEASHELLS;9999.0;1
1;34800;Pablo;Penelope;KELP;SEASHELLS;2048.0;3
1;34800;Caesar;Penelope;KELP;SEASHELLS;2048.0;4
1;34800;Pablo;Penelope;SQUID_INK;SEASHELLS;1790.0;3
1;34800;Camilla;Caesar;VOLCANIC_ROCK_VOUCHER_10000;SEASHELLS;208.0;10
1;34800;Camilla;Caesar;VOLCANIC_ROCK_VOUCHER_10250;SEASHELLS;51.0;10
1;34800;Camilla;Caesar;VOLCANIC_ROCK_VOUCHER_10500;SEASHELLS;6.0;10
1;34800;Camilla;Caesar;VOLCANIC_ROCK_VOUCHER_9500;SEASHELLS;691.0;10
1;34800;Camilla;Caesar;VOLCANIC_ROCK_VOUCHER_9750;SEASHELLS;442.0;10
1;35100;Paris;Caesar;JAMS;SEASHELLS;6534.0;8
1;35200;Paris;Caesar;JAMS;SEASHELLS;6534.0;7
1;35200;Charlie;Paris;KELP;SEASHELLS;2047.0;1
1;35200;Charlie;Paris;SQUID_INK;SEASHELLS;1791.0;1
1;35300;Paris;Caesar;RAINFOREST_RESIN;SEASHELLS;10001.0;1
1;35400;Paris;Caesar;CROISSANTS;SEASHELLS;4271.0;5
1;35400;Caesar;Paris;MAGNIFICENT_MACARONS;SEASHELLS;639.0;7
1;35400;Charlie;Paris;RAINFOREST_RESIN;SEASHELLS;9999.0;1
1;35400;Caesar;Caesar;VOLCANIC_ROCK;SEASHELLS;10192.0;7
1;35500;Caesar;Paris;JAMS;SEASHELLS;6532.0;7
1;35600;Camilla;Caesar;VOLCANIC_ROCK_VOUCHER_10000;SEASHELLS;209.0;14
1;35600;Camilla;Caesar;VOLCANIC_ROCK_VOUCHER_10250;SEASHELLS;52.0;14
1;35600;Camilla;Caesar;VOLCANIC_ROCK_VOUCHER_10500;SEASHELLS;6.0;14
1;35600;Camilla;Caesar;VOLCANIC_ROCK_VOUCHER_9500;SEASHELLS;693.0;14
1;35600;Camilla;Caesar;VOLCANIC_ROCK_VOUCHER_9750;SEASHELLS;445.0;14
1;35800;Caesar;Camilla;JAMS;SEASHELLS;6531.0;3
1;35900;Paris;Caesar;JAMS;SEASHELLS;6532.0;5
1;36000;Caesar;Camilla;JAMS;SEASHELLS;6531.0;3
1;36000;Paris;Charlie;RAINFOREST_RESIN;SEASHELLS;10008.0;1
1;36000;Peter;Caesar;VOLCANIC_ROCK;SEASHELLS;10191.0;9
1;36100;Paris;Caesar;DJEMBES;SEASHELLS;13435.0;2
1;36700;Paris;Charlie;RAINFOREST_RESIN;SEASHELLS;10001.0;1
1;36800;Camilla;Pablo;VOLCANIC_ROCK_VOUCHER_10000;SEASHELLS;210.0;12
1;36800;Caesar;Pablo;VOLCANIC_ROCK_VOUCHER_10000;SEASHELLS;210.0;2
1;36800;Camilla;Pablo;VOLCANIC_ROCK_VOUCHER_10250;SEASHELLS;51.0;12
1;36800;Caesar;Pablo;VOLCANIC_ROCK_VOUCHER_10250;SEASHELLS;51.0;2
1;36800;Camilla;Pablo;VOLCANIC_ROCK_VOUCHER_10500;SEASHELLS;6.0;12
1;36800;Caesar;Pablo;VOLCANIC_ROCK_VOUCHER_10500;SEASHELLS;6.0;2
1;36800;Camilla;Pablo;VOLCANIC_ROCK_VOUCHER_9500;SEASHELLS;691.0;12
1;36800;Caesar;Pablo;VOLCANIC_ROCK_VOUCHER_9500;SEASHELLS;691.0;2
1;36800;Camilla;Pablo;VOLCANIC_ROCK_VOUCHER_9750;SEASHELLS;443.0;12
1;36800;Caesar;Pablo;VOLCANIC_ROCK_VOUCHER_9750;SEASHELLS;443.0;2
1;36900;Charlie;Paris;KELP;SEASHELLS;2046.0;1
1;36900;Caesar;Paris;SQUID_INK;SEASHELLS;1791.0;1
1;37000;Paris;Caesar;CROISSANTS;SEASHELLS;4270.0;7
1;37000;Penelope;Camilla;PICNIC_BASKET1;SEASHELLS;58867.0;9
1;37000;Penelope;Camilla;PICNIC_BASKET2;SEASHELLS;30094.0;9
1;37300;Caesar;Camilla;JAMS;SEASHELLS;6530.0;9
1;37300;Penelope;Camilla;PICNIC_BASKET1;SEASHELLS;58870.0;10
1;37300;Penelope;Charlie;PICNIC_BASKET2;SEASHELLS;30096.0;10
1;37300;Charlie;Penelope;RAINFOREST_RESIN;SEASHELLS;9992.0;4
1;37400;Caesar;Camilla;CROISSANTS;SEASHELLS;4268.0;7
1;37700;Pablo;Charlie;RAINFOREST_RESIN;SEASHELLS;10008.0;5
1;37700;Paris;Charlie;SQUID_INK;SEASHELLS;1790.0;1
1;37800;Caesar;Camilla;JAMS;SEASHELLS;6528.0;4
1;37800;Charlie;Paris;KELP;SEASHELLS;2046.0;2
1;37800;Charlie;Paris;SQUID_INK;SEASHELLS;1789.0;2
1;37900;Charlie;Pablo;KELP;SEASHELLS;2047.0;4
1;37900;Charlie;Paris;RAINFOREST_RESIN;SEASHELLS;9992.0;2
1;37900;Charlie;Pablo;SQUID_INK;SEASHELLS;1789.0;4
1;38100;Charlie;Paris;RAINFOREST_RESIN;SEASHELLS;9999.0;1
1;38100;Camilla;Caesar;VOLCANIC_ROCK_VOUCHER_10000;SEASHELLS;213.0;13
1;38100;Camilla;Caesar;VOLCANIC_ROCK_VOUCHER_10250;SEASHELLS;52.0;13
1;38100;Camilla;Caesar;VOLCANIC_ROCK_VOUCHER_10500;SEASHELLS;6.0;13
1;38100;Camilla;Caesar;VOLCANIC_ROCK_VOUCHER_9500;SEASHELLS;693.0;13
1;38100;Camilla;Caesar;VOLCANIC_ROCK_VOUCHER_9750;SEASHELLS;445.0;13
1;38300;Charlie;Gary;KELP;SEASHELLS;2046.0;8
1;38300;Charlie;Gary;SQUID_INK;SEASHELLS;1786.0;8
1;38400;Charlie;Gary;KELP;SEASHELLS;2046.0;8
1;38400;Charlie;Gary;SQUID_INK;SEASHELLS;1788.0;8
1;38800;Pablo;Charlie;RAINFOREST_RESIN;SEASHELLS;10008.0;4
1;39200;Penelope;Charlie;RAINFOREST_RESIN;SEASHELLS;10008.0;8
1;39300;Penelope;Caesar;PICNIC_BASKET1;SEASHELLS;58840.0;5
1;39300;Penelope;Caesar;PICNIC_BASKET2;SEASHELLS;30104.0;5
1;39400;Caesar;Paris;JAMS;SEASHELLS;6530.0;8
1;39500;Caesar;Paris;DJEMBES;SEASHELLS;13431.0;3
1;39500;Paris;Charlie;KELP;SEASHELLS;2048.0;1
1;39600;Paris;Caesar;CROISSANTS;SEASHELLS;4273.0;6
1;39700;Caesar;Pablo;VOLCANIC_ROCK;SEASHELLS;10203.0;2
1;39900;Caesar;Paris;CROISSANTS;SEASHELLS;4272.0;6
1;39900;Charlie;Pablo;RAINFOREST_RESIN;SEASHELLS;9992.0;4
1;40100;Caesar;Paris;JAMS;SEASHELLS;6534.0;4
1;40100;Penelope;Charlie;RAINFOREST_RESIN;SEASHELLS;10008.0;7
1;40200;Caesar;Paris;JAMS;SEASHELLS;6532.0;8
1;40300;Charlie;Pablo;KELP;SEASHELLS;2046.0;2
1;40300;Camilla;Penelope;VOLCANIC_ROCK_VOUCHER_10000;SEASHELLS;213.0;10
1;40300;Camilla;Penelope;VOLCANIC_ROCK_VOUCHER_9500;SEASHELLS;697.0;10
1;40300;Camilla;Penelope;VOLCANIC_ROCK_VOUCHER_9750;SEASHELLS;448.0;10
1;40400;Charlie;Gina;KELP;SEASHELLS;2046.0;8
1;40400;Charlie;Gina;SQUID_INK;SEASHELLS;1787.0;8
1;40500;Paris;Caesar;CROISSANTS;SEASHELLS;4272.0;5
1;41100;Paris;Caesar;DJEMBES;SEASHELLS;13434.0;3
1;41200;Caesar;Paris;JAMS;SEASHELLS;6532.0;10
1;41200;Charlie;Paris;KELP;SEASHELLS;2046.0;1
1;41200;Charlie;Paris;SQUID_INK;SEASHELLS;1788.0;1
1;41200;Camilla;Caesar;VOLCANIC_ROCK_VOUCHER_10000;SEASHELLS;211.0;11
1;41200;Camilla;Caesar;VOLCANIC_ROCK_VOUCHER_10250;SEASHELLS;52.0;11
1;41200;Camilla;Caesar;VOLCANIC_ROCK_VOUCHER_10500;SEASHELLS;6.0;11
1;41200;Camilla;Caesar;VOLCANIC_ROCK_VOUCHER_9500;SEASHELLS;693.0;11
1;41200;Camilla;Caesar;VOLCANIC_ROCK_VOUCHER_9750;SEASHELLS;445.0;11
1;41300;Charlie;Pablo;KELP;SEASHELLS;2046.0;4
1;41400;Caesar;Pablo;PICNIC_BASKET1;SEASHELLS;58838.0;2
1;41400;Camilla;Pablo;PICNIC_BASKET2;SEASHELLS;30117.0;6
1;41500;Charlie;Paris;RAINFOREST_RESIN;SEASHELLS;9999.0;1
1;41600;Paris;Caesar;CROISSANTS;SEASHELLS;4269.0;8
1;41600;Caesar;Peter;VOLCANIC_ROCK;SEASHELLS;10192.0;7
1;41900;Caesar;Paris;JAMS;SEASHELLS;6529.0;8
1;42000;Caesar;Camilla;JAMS;SEASHELLS;6529.0;5
1;42200;Caesar;Paris;CROISSANTS;SEASHELLS;4267.0;6
1;42200;Peter;Caesar;VOLCANIC_ROCK;SEASHELLS;10196.0;8
1;42300;Pablo;Charlie;SQUID_INK;SEASHELLS;1793.0;3
1;42600;Caesar;Paris;DJEMBES;SEASHELLS;13434.0;3
1;42800;Charlie;Paris;KELP;SEASHELLS;2046.0;1
1;42800;Charlie;Paris;SQUID_INK;SEASHELLS;1791.0;1
1;42900;Caesar;Paris;DJEMBES;SEASHELLS;13436.0;5
1;42900;Paris;Charlie;MAGNIFICENT_MACARONS;SEASHELLS;630.0;5
1;43200;Caesar;Paris;CROISSANTS;SEASHELLS;4267.0;8
1;43200;Paris;Pablo;KELP;SEASHELLS;2046.0;1
1;43200;Charlie;Pablo;KELP;SEASHELLS;2046.0;2
1;43200;Charlie;Paris;RAINFOREST_RESIN;SEASHELLS;9999.0;1
1;43200;Paris;Pablo;SQUID_INK;SEASHELLS;1792.0;1
1;43400;Caesar;Paris;DJEMBES;SEASHELLS;13438.0;3
1;43500;Caesar;Caesar;VOLCANIC_ROCK;SEASHELLS;10183.0;7
1;43600;Camilla;Caesar;VOLCANIC_ROCK_VOUCHER_10000;SEASHELLS;201.0;12
1;43600;Camilla;Caesar;VOLCANIC_ROCK_VOUCHER_10250;SEASHELLS;48.0;12
1;43600;Camilla;Caesar;VOLCANIC_ROCK_VOUCHER_10500;SEASHELLS;6.0;12
1;43600;Camilla;Caesar;VOLCANIC_ROCK_VOUCHER_9750;SEASHELLS;434.0;12
1;43700;Charlie;Caesar;KELP;SEASHELLS;2047.0;5
1;43700;Gina;Camilla;RAINFOREST_RESIN;SEASHELLS;10003.0;5
1;43700;Charlie;Caesar;SQUID_INK;SEASHELLS;1794.0;5
1;43800;Caesar;Paris;JAMS;SEASHELLS;6522.0;10
1;44100;Caesar;Paris;CROISSANTS;SEASHELLS;4266.0;7
1;44200;Pablo;Charlie;RAINFOREST_RESIN;SEASHELLS;10002.0;5
1;44300;Paris;Caesar;DJEMBES;SEASHELLS;13442.0;2
1;44400;Charlie;Paris;RAINFOREST_RESIN;SEASHELLS;9999.0;1
1;44800;Caesar;Paris;JAMS;SEASHELLS;6529.0;4
1;44800;Caesar;Pablo;PICNIC_BASKET1;SEASHELLS;58829.0;1
1;44800;Camilla;Pablo;PICNIC_BASKET1;SEASHELLS;58828.0;1
1;44800;Caesar;Pablo;PICNIC_BASKET2;SEASHELLS;30114.0;1
1;44800;Camilla;Pablo;PICNIC_BASKET2;SEASHELLS;30114.0;1
1;44800;Charlie;Camilla;SQUID_INK;SEASHELLS;1791.0;4
1;44800;Pablo;Caesar;VOLCANIC_ROCK;SEASHELLS;10190.0;3
1;44900;Paris;Camilla;KELP;SEASHELLS;2048.0;1
1;44900;Paris;Camilla;SQUID_INK;SEASHELLS;1791.0;1
1;45000;Paris;Caesar;DJEMBES;SEASHELLS;13446.0;3
1;45000;Charlie;Paris;KELP;SEASHELLS;2046.0;1
1;45000;Caesar;Paris;SQUID_INK;SEASHELLS;1789.0;1
1;45200;Penelope;Camilla;PICNIC_BASKET1;SEASHELLS;58843.0;7
1;45200;Penelope;Charlie;PICNIC_BASKET2;SEASHELLS;30116.0;7
1;45200;Charlie;Gary;RAINFOREST_RESIN;SEASHELLS;9992.0;6
1;45300;Camilla;Pablo;VOLCANIC_ROCK_VOUCHER_10000;SEASHELLS;205.0;12
1;45300;Camilla;Pablo;VOLCANIC_ROCK_VOUCHER_10250;SEASHELLS;51.0;12
1;45300;Camilla;Pablo;VOLCANIC_ROCK_VOUCHER_10500;SEASHELLS;6.0;12
1;45300;Camilla;Pablo;VOLCANIC_ROCK_VOUCHER_9500;SEASHELLS;690.0;12
1;45300;Camilla;Pablo;VOLCANIC_ROCK_VOUCHER_9750;SEASHELLS;442.0;12
1;45400;Paris;Gina;RAINFOREST_RESIN;SEASHELLS;10001.0;1
1;45600;Caesar;Paris;KELP;SEASHELLS;2046.0;1
1;45600;Charlie;Paris;SQUID_INK;SEASHELLS;1786.0;1
1;45700;Camilla;Caesar;VOLCANIC_ROCK_VOUCHER_10000;SEASHELLS;204.0;14
1;45700;Camilla;Caesar;VOLCANIC_ROCK_VOUCHER_10250;SEASHELLS;49.0;14
1;45700;Camilla;Caesar;VOLCANIC_ROCK_VOUCHER_10500;SEASHELLS;6.0;14
1;45700;Camilla;Caesar;VOLCANIC_ROCK_VOUCHER_9500;SEASHELLS;686.0;14
1;45700;Camilla;Caesar;VOLCANIC_ROCK_VOUCHER_9750;SEASHELLS;437.0;14
1;46000;Charlie;Pablo;RAINFOREST_RESIN;SEASHELLS;9992.0;4
1;46100;Camilla;Pablo;VOLCANIC_ROCK_VOUCHER_10000;SEASHELLS;206.0;10
1;46100;Camilla;Pablo;VOLCANIC_ROCK_VOUCHER_10250;SEASHELLS;49.0;10
1;46100;Camilla;Pablo;VOLCANIC_ROCK_VOUCHER_10500;SEASHELLS;6.0;10
1;46100;Camilla;Pablo;VOLCANIC_ROCK_VOUCHER_9500;SEASHELLS;686.0;10
1;46100;Camilla;Pablo;VOLCANIC_ROCK_VOUCHER_9750;SEASHELLS;438.0;10
1;46500;Caesar;Paris;CROISSANTS;SEASHELLS;4265.0;5
1;46500;Paris;Camilla;KELP;SEASHELLS;2048.0;1
1;46500;Paris;Camilla;SQUID_INK;SEASHELLS;1787.0;1
1;46600;Camilla;Camilla;MAGNIFICENT_MACARONS;SEASHELLS;603.0;3
1;46800;Paris;Caesar;CROISSANTS;SEASHELLS;4266.0;6
1;47000;Caesar;Camilla;SQUID_INK;SEASHELLS;1787.0;3
1;47100;Caesar;Camilla;JAMS;SEASHELLS;6528.0;3
1;47100;Camilla;Paris;KELP;SEASHELLS;2046.0;1
1;47100;Camilla;Paris;SQUID_INK;SEASHELLS;1785.0;1
1;47200;Caesar;Paris;CROISSANTS;SEASHELLS;4265.0;7
1;47200;Charlie;Gina;KELP;SEASHELLS;2046.0;8
1;47200;Charlie;Gina;SQUID_INK;SEASHELLS;1786.0;8
1;47400;Charlie;Paris;KELP;SEASHELLS;2046.0;1
1;47400;Charlie;Paris;SQUID_INK;SEASHELLS;1786.0;1
1;47500;Paris;Charlie;KELP;SEASHELLS;2049.0;1
1;47500;Paris;Charlie;SQUID_INK;SEASHELLS;1789.0;1
1;47500;Peter;Caesar;VOLCANIC_ROCK;SEASHELLS;10181.0;10
1;47600;Paris;Caesar;JAMS;SEASHELLS;6530.0;9
1;47600;Camilla;Caesar;VOLCANIC_ROCK_VOUCHER_10000;SEASHELLS;200.0;12
1;47600;Camilla;Caesar;VOLCANIC_ROCK_VOUCHER_10250;SEASHELLS;48.0;12
1;47600;Camilla;Caesar;VOLCANIC_ROCK_VOUCHER_10500;SEASHELLS;6.0;12
1;47600;Camilla;Caesar;VOLCANIC_ROCK_VOUCHER_9500;SEASHELLS;682.0;12
1;47600;Camilla;Caesar;VOLCANIC_ROCK_VOUCHER_9750;SEASHELLS;433.0;12
1;47700;Caesar;Paris;CROISSANTS;SEASHELLS;4265.0;5
1;47800;Paris;Caesar;CROISSANTS;SEASHELLS;4266.0;7
1;48000;Paris;Caesar;JAMS;SEASHELLS;6528.0;10
1;48200;Caesar;Paris;JAMS;SEASHELLS;6527.0;4
1;48200;Paris;Charlie;MAGNIFICENT_MACARONS;SEASHELLS;615.0;4
1;48200;Charlie;Paris;RAINFOREST_RESIN;SEASHELLS;9992.0;1
1;48300;Penelope;Caesar;PICNIC_BASKET1;SEASHELLS;58838.0;2
1;48300;Penelope;Caesar;PICNIC_BASKET2;SEASHELLS;30114.0;2
1;48300;Paris;Charlie;RAINFOREST_RESIN;SEASHELLS;10008.0;1
1;48300;Caesar;Caesar;VOLCANIC_ROCK;SEASHELLS;10177.0;8
1;48300;Camilla;Pablo;VOLCANIC_ROCK_VOUCHER_10000;SEASHELLS;198.0;10
1;48300;Caesar;Pablo;VOLCANIC_ROCK_VOUCHER_10000;SEASHELLS;198.0;2
1;48300;Camilla;Pablo;VOLCANIC_ROCK_VOUCHER_10250;SEASHELLS;46.0;10
1;48300;Caesar;Pablo;VOLCANIC_ROCK_VOUCHER_10250;SEASHELLS;46.0;2
1;48300;Camilla;Pablo;VOLCANIC_ROCK_VOUCHER_10500;SEASHELLS;5.0;10
1;48300;Caesar;Pablo;VOLCANIC_ROCK_VOUCHER_10500;SEASHELLS;5.0;2
1;48300;Camilla;Pablo;VOLCANIC_ROCK_VOUCHER_9500;SEASHELLS;677.0;10
1;48300;Caesar;Pablo;VOLCANIC_ROCK_VOUCHER_9500;SEASHELLS;677.0;2
1;48300;Camilla;Pablo;VOLCANIC_ROCK_VOUCHER_9750;SEASHELLS;429.0;10
1;48300;Caesar;Pablo;VOLCANIC_ROCK_VOUCHER_9750;SEASHELLS;429.0;2
1;48400;Charlie;Paris;KELP;SEASHELLS;2046.0;1
1;48400;Pablo;Charlie;RAINFOREST_RESIN;SEASHELLS;10002.0;5
1;48400;Charlie;Paris;SQUID_INK;SEASHELLS;1782.0;1
1;48500;Charlie;Paris;RAINFOREST_RESIN;SEASHELLS;9999.0;1
1;48600;Charlie;Paris;RAINFOREST_RESIN;SEASHELLS;9992.0;2
1;48800;Caesar;Caesar;VOLCANIC_ROCK;SEASHELLS;10169.0;7
1;49000;Paris;Caesar;JAMS;SEASHELLS;6527.0;5
1;49000;Charlie;Paris;KELP;SEASHELLS;2046.0;2
1;49000;Charlie;Paris;SQUID_INK;SEASHELLS;1776.0;2
1;49100;Camilla;Paris;KELP;SEASHELLS;2046.0;1
1;49100;Camilla;Paris;SQUID_INK;SEASHELLS;1778.0;1
1;49100;Penelope;Camilla;VOLCANIC_ROCK_VOUCHER_10000;SEASHELLS;195.0;11
1;49100;Penelope;Camilla;VOLCANIC_ROCK_VOUCHER_10250;SEASHELLS;46.0;11
1;49100;Penelope;Camilla;VOLCANIC_ROCK_VOUCHER_9500;SEASHELLS;677.0;11
1;49100;Penelope;Camilla;VOLCANIC_ROCK_VOUCHER_9750;SEASHELLS;428.0;11
1;49200;Caesar;Paris;CROISSANTS;SEASHELLS;4265.0;8
1;49300;Caesar;Paris;KELP;SEASHELLS;2046.0;1
1;49300;Caesar;Paris;SQUID_INK;SEASHELLS;1779.0;1
1;49300;Caesar;Caesar;VOLCANIC_ROCK;SEASHELLS;10173.0;5
1;49400;Paris;Caesar;JAMS;SEASHELLS;6527.0;8
1;49400;Paris;Charlie;KELP;SEASHELLS;2048.0;1
1;49400;Paris;Charlie;SQUID_INK;SEASHELLS;1782.0;1
1;49500;Caesar;Camilla;JAMS;SEASHELLS;6526.0;6
1;49600;Caesar;Camilla;CROISSANTS;SEASHELLS;4266.0;6
1;49600;Caesar;Caesar;VOLCANIC_ROCK;SEASHELLS;10173.0;7
1;50000;Paris;Caesar;JAMS;SEASHELLS;6529.0;6
1;50000;Charlie;Penelope;RAINFOREST_RESIN;SEASHELLS;9992.0;5
1;50000;Caesar;Pablo;VOLCANIC_ROCK;SEASHELLS;10170.0;3
1;50100;Camilla;Caesar;VOLCANIC_ROCK_VOUCHER_10000;SEASHELLS;191.0;12
1;50100;Caesar;Caesar;VOLCANIC_ROCK_VOUCHER_10000;SEASHELLS;191.0;2
1;50100;Camilla;Caesar;VOLCANIC_ROCK_VOUCHER_10250;SEASHELLS;44.0;12
1;50100;Caesar;Caesar;VOLCANIC_ROCK_VOUCHER_10250;SEASHELLS;44.0;2
1;50100;Camilla;Caesar;VOLCANIC_ROCK_VOUCHER_10500;SEASHELLS;5.0;12
1;50100;Caesar;Caesar;VOLCANIC_ROCK_VOUCHER_10500;SEASHELLS;5.0;2
1;50100;Camilla;Caesar;VOLCANIC_ROCK_VOUCHER_9500;SEASHELLS;671.0;12
1;50100;Caesar;Caesar;VOLCANIC_ROCK_VOUCHER_9500;SEASHELLS;671.0;2
1;50100;Camilla;Caesar;VOLCANIC_ROCK_VOUCHER_9750;SEASHELLS;423.0;12
1;50100;Caesar;Caesar;VOLCANIC_ROCK_VOUCHER_9750;SEASHELLS;423.0;2
1;50200;Caesar;Paris;DJEMBES;SEASHELLS;13457.0;5
1;50200;Caesar;Penelope;PICNIC_BASKET1;SEASHELLS;58832.0;1
1;50200;Charlie;Penelope;PICNIC_BASKET2;SEASHELLS;30102.0;5
1;50300;Caesar;Peter;VOLCANIC_ROCK;SEASHELLS;10166.0;7
1;50400;Charlie;Paris;KELP;SEASHELLS;2045.0;1
1;50400;Charlie;Paris;SQUID_INK;SEASHELLS;1783.0;1
1;50500;Caesar;Camilla;CROISSANTS;SEASHELLS;4265.0;6
1;50500;Charlie;Paris;KELP;SEASHELLS;2045.0;1
1;50500;Charlie;Paris;SQUID_INK;SEASHELLS;1783.0;1
1;50600;Paris;Charlie;KELP;SEASHELLS;2049.0;2
1;50600;Paris;Charlie;KELP;SEASHELLS;2048.0;1
1;50600;Paris;Charlie;SQUID_INK;SEASHELLS;1786.0;2
1;50600;Paris;Charlie;SQUID_INK;SEASHELLS;1785.0;1
1;50700;Paris;Charlie;MAGNIFICENT_MACARONS;SEASHELLS;605.0;7
1;50700;Camilla;Caesar;VOLCANIC_ROCK_VOUCHER_10000;SEASHELLS;190.0;11
1;50700;Camilla;Caesar;VOLCANIC_ROCK_VOUCHER_10250;SEASHELLS;43.0;11
1;50700;Camilla;Caesar;VOLCANIC_ROCK_VOUCHER_10500;SEASHELLS;5.0;11
1;50700;Camilla;Caesar;VOLCANIC_ROCK_VOUCHER_9500;SEASHELLS;669.0;11
1;50700;Camilla;Caesar;VOLCANIC_ROCK_VOUCHER_9750;SEASHELLS;421.0;11
1;50800;Caesar;Paris;DJEMBES;SEASHELLS;13457.0;1
1;50800;Caesar;Caesar;VOLCANIC_ROCK;SEASHELLS;10168.0;8
1;50900;Charlie;Paris;KELP;SEASHELLS;2046.0;1
1;50900;Charlie;Paris;SQUID_INK;SEASHELLS;1784.0;1
1;51100;Charlie;Penelope;KELP;SEASHELLS;2046.0;15
1;51100;Charlie;Penelope;SQUID_INK;SEASHELLS;1783.0;15
1;51200;Charlie;Paris;KELP;SEASHELLS;2046.0;2
1;51200;Charlie;Paris;SQUID_INK;SEASHELLS;1782.0;2
1;51500;Gary;Caesar;KELP;SEASHELLS;2047.0;3
1;51500;Charlie;Gary;RAINFOREST_RESIN;SEASHELLS;9992.0;9
1;51500;Gary;Caesar;SQUID_INK;SEASHELLS;1782.0;3
1;51600;Paris;Charlie;RAINFOREST_RESIN;SEASHELLS;10008.0;2
1;51600;Charlie;Paris;SQUID_INK;SEASHELLS;1781.0;1
1;51700;Penelope;Charlie;RAINFOREST_RESIN;SEASHELLS;10008.0;8
1;52000;Caesar;Paris;MAGNIFICENT_MACARONS;SEASHELLS;587.0;4
1;52000;Pablo;Charlie;SQUID_INK;SEASHELLS;1784.0;3
1;52100;Paris;Caesar;DJEMBES;SEASHELLS;13459.0;5
1;52100;Charlie;Penelope;RAINFOREST_RESIN;SEASHELLS;9992.0;7
1;52200;Charlie;Paris;RAINFOREST_RESIN;SEASHELLS;9992.0;2
1;52300;Paris;Caesar;DJEMBES;SEASHELLS;13458.0;5
1;52400;Pablo;Caesar;RAINFOREST_RESIN;SEASHELLS;10002.0;3
1;52500;Paris;Caesar;DJEMBES;SEASHELLS;13456.0;4
1;52500;Caesar;Pablo;PICNIC_BASKET1;SEASHELLS;58838.0;2
1;52500;Camilla;Pablo;PICNIC_BASKET1;SEASHELLS;58837.0;2
1;52500;Caesar;Pablo;PICNIC_BASKET2;SEASHELLS;30115.0;2
1;52500;Charlie;Pablo;PICNIC_BASKET2;SEASHELLS;30114.0;2
1;52700;Charlie;Penelope;RAINFOREST_RESIN;SEASHELLS;9992.0;4
1;52700;Camilla;Pablo;VOLCANIC_ROCK_VOUCHER_10000;SEASHELLS;185.0;10
1;52700;Caesar;Pablo;VOLCANIC_ROCK_VOUCHER_10000;SEASHELLS;185.0;2
1;52700;Camilla;Pablo;VOLCANIC_ROCK_VOUCHER_10250;SEASHELLS;42.0;10
1;52700;Caesar;Pablo;VOLCANIC_ROCK_VOUCHER_10250;SEASHELLS;42.0;2
1;52700;Camilla;Pablo;VOLCANIC_ROCK_VOUCHER_10500;SEASHELLS;5.0;10
1;52700;Caesar;Pablo;VOLCANIC_ROCK_VOUCHER_10500;SEASHELLS;5.0;2
1;52700;Camilla;Pablo;VOLCANIC_ROCK_VOUCHER_9500;SEASHELLS;665.0;10
1;52700;Caesar;Pablo;VOLCANIC_ROCK_VOUCHER_9500;SEASHELLS;665.0;2
1;52700;Camilla;Pablo;VOLCANIC_ROCK_VOUCHER_9750;SEASHELLS;417.0;10
1;52700;Caesar;Pablo;VOLCANIC_ROCK_VOUCHER_9750;SEASHELLS;417.0;2
1;52800;Caesar;Paris;RAINFOREST_RESIN;SEASHELLS;9999.0;1
1;53000;Caesar;Paris;DJEMBES;SEASHELLS;13457.0;2
1;53000;Paris;Paris;KELP;SEASHELLS;2048.0;1
1;53000;Paris;Paris;SQUID_INK;SEASHELLS;1787.0;1
1;53100;Paris;Caesar;DJEMBES;SEASHELLS;13458.0;5
1;53400;Caesar;Paris;CROISSANTS;SEASHELLS;4266.0;6
1;53400;Camilla;Pablo;VOLCANIC_ROCK_VOUCHER_10000;SEASHELLS;185.0;11
1;53400;Camilla;Pablo;VOLCANIC_ROCK_VOUCHER_10250;SEASHELLS;42.0;11
1;53400;Camilla;Pablo;VOLCANIC_ROCK_VOUCHER_10500;SEASHELLS;5.0;11
1;53400;Camilla;Pablo;VOLCANIC_ROCK_VOUCHER_9500;SEASHELLS;666.0;11
1;53400;Camilla;Pablo;VOLCANIC_ROCK_VOUCHER_9750;SEASHELLS;417.0;11
1;53600;Paris;Charlie;KELP;SEASHELLS;2049.0;1
1;53600;Paris;Charlie;SQUID_INK;SEASHELLS;1790.0;1
1;53800;Caesar;Paris;DJEMBES;SEASHELLS;13456.0;2
1;53900;Caesar;Paris;CROISSANTS;SEASHELLS;4265.0;7
1;53900;Paris;Charlie;KELP;SEASHELLS;2049.0;1
1;53900;Paris;Charlie;SQUID_INK;SEASHELLS;1791.0;1
1;54100;Caesar;Paris;KELP;SEASHELLS;2046.0;1
1;54100;Charlie;Paris;SQUID_INK;SEASHELLS;1788.0;1
1;54200;Caesar;Paris;DJEMBES;SEASHELLS;13457.0;1
1;54300;Paris;Caesar;JAMS;SEASHELLS;6540.0;6
1;54400;Peter;Caesar;VOLCANIC_ROCK;SEASHELLS;10161.0;5
1;54500;Caesar;Camilla;JAMS;SEASHELLS;6540.0;12
1;54500;Charlie;Paris;KELP;SEASHELLS;2045.0;1
1;54500;Pablo;Charlie;RAINFOREST_RESIN;SEASHELLS;10002.0;5
1;54800;Caesar;Paris;DJEMBES;SEASHELLS;13457.0;1
1;54800;Caesar;Paris;KELP;SEASHELLS;2046.0;1
1;55000;Paris;Caesar;JAMS;SEASHELLS;6540.0;8
1;55100;Caesar;Paris;CROISSANTS;SEASHELLS;4264.0;7
1;55100;Caesar;Paris;JAMS;SEASHELLS;6539.0;9
1;55200;Paris;Caesar;CROISSANTS;SEASHELLS;4265.0;5
1;55300;Pablo;Charlie;RAINFOREST_RESIN;SEASHELLS;10002.0;3
1;55400;Paris;Caesar;JAMS;SEASHELLS;6540.0;5
1;55400;Camilla;Paris;MAGNIFICENT_MACARONS;SEASHELLS;567.0;3
1;55400;Paris;Charlie;RAINFOREST_RESIN;SEASHELLS;10008.0;2
1;55700;Caesar;Paris;MAGNIFICENT_MACARONS;SEASHELLS;562.0;5
1;55800;Camilla;Caesar;MAGNIFICENT_MACARONS;SEASHELLS;573.0;4
1;55900;Charlie;Paris;SQUID_INK;SEASHELLS;1790.0;1
1;56000;Paris;Charlie;KELP;SEASHELLS;2049.0;1
1;56000;Paris;Charlie;SQUID_INK;SEASHELLS;1794.0;1
1;56100;Paris;Caesar;CROISSANTS;SEASHELLS;4266.0;8
1;56100;Charlie;Paris;KELP;SEASHELLS;2045.0;1
1;56100;Penelope;Charlie;KELP;SEASHELLS;2049.0;8
1;56100;Charlie;Penelope;RAINFOREST_RESIN;SEASHELLS;9992.0;4
1;56100;Penelope;Paris;SQUID_INK;SEASHELLS;1791.0;1
1;56300;Charlie;Penelope;KELP;SEASHELLS;2045.0;8
1;56300;Caesar;Penelope;PICNIC_BASKET1;SEASHELLS;58822.0;2
1;56300;Caesar;Penelope;PICNIC_BASKET2;SEASHELLS;30108.0;2
1;56300;Gary;Charlie;RAINFOREST_RESIN;SEASHELLS;10008.0;6
1;56300;Charlie;Penelope;SQUID_INK;SEASHELLS;1789.0;8
1;56500;Camilla;Caesar;VOLCANIC_ROCK_VOUCHER_10000;SEASHELLS;181.0;15
1;56500;Caesar;Caesar;VOLCANIC_ROCK_VOUCHER_10000;SEASHELLS;181.0;2
1;56500;Camilla;Caesar;VOLCANIC_ROCK_VOUCHER_10250;SEASHELLS;40.0;15
1;56500;Caesar;Caesar;VOLCANIC_ROCK_VOUCHER_10250;SEASHELLS;40.0;2
1;56500;Camilla;Caesar;VOLCANIC_ROCK_VOUCHER_10500;SEASHELLS;4.0;15
1;56500;Caesar;Caesar;VOLCANIC_ROCK_VOUCHER_10500;SEASHELLS;4.0;2
1;56500;Camilla;Caesar;VOLCANIC_ROCK_VOUCHER_9500;SEASHELLS;659.0;15
1;56500;Caesar;Caesar;VOLCANIC_ROCK_VOUCHER_9500;SEASHELLS;659.0;2
1;56500;Camilla;Caesar;VOLCANIC_ROCK_VOUCHER_9750;SEASHELLS;411.0;15
1;56500;Caesar;Caesar;VOLCANIC_ROCK_VOUCHER_9750;SEASHELLS;411.0;2
1;56600;Camilla;Caesar;VOLCANIC_ROCK_VOUCHER_10000;SEASHELLS;180.0;16
1;56600;Camilla;Caesar;VOLCANIC_ROCK_VOUCHER_10250;SEASHELLS;39.0;16
1;56600;Camilla;Caesar;VOLCANIC_ROCK_VOUCHER_10500;SEASHELLS;4.0;16
1;56600;Camilla;Caesar;VOLCANIC_ROCK_VOUCHER_9500;SEASHELLS;656.0;16
1;56600;Camilla;Caesar;VOLCANIC_ROCK_VOUCHER_9750;SEASHELLS;408.0;16
1;56800;Charlie;Paris;KELP;SEASHELLS;2045.0;2
1;56800;Charlie;Paris;SQUID_INK;SEASHELLS;1791.0;2
1;56900;Caesar;Camilla;JAMS;SEASHELLS;6531.0;5
1;57000;Camilla;Caesar;VOLCANIC_ROCK_VOUCHER_10000;SEASHELLS;184.0;19
1;57000;Caesar;Caesar;VOLCANIC_ROCK_VOUCHER_10000;SEASHELLS;184.0;1
1;57000;Camilla;Caesar;VOLCANIC_ROCK_VOUCHER_10250;SEASHELLS;41.0;19
1;57000;Caesar;Caesar;VOLCANIC_ROCK_VOUCHER_10250;SEASHELLS;41.0;1
1;57000;Camilla;Caesar;VOLCANIC_ROCK_VOUCHER_10500;SEASHELLS;5.0;19
1;57000;Caesar;Caesar;VOLCANIC_ROCK_VOUCHER_10500;SEASHELLS;5.0;1
1;57000;Camilla;Caesar;VOLCANIC_ROCK_VOUCHER_9500;SEASHELLS;661.0;19
1;57000;Caesar;Caesar;VOLCANIC_ROCK_VOUCHER_9500;SEASHELLS;661.0;1
1;57000;Camilla;Caesar;VOLCANIC_ROCK_VOUCHER_9750;SEASHELLS;413.0;19
1;57000;Caesar;Caesar;VOLCANIC_ROCK_VOUCHER_9750;SEASHELLS;413.0;1
1;57100;Penelope;Camilla;PICNIC_BASKET1;SEASHELLS;58838.0;6
1;57100;Penelope;Camilla;PICNIC_BASKET2;SEASHELLS;30102.0;6
1;57100;Paris;Gina;RAINFOREST_RESIN;SEASHELLS;10001.0;1
1;57100;Charlie;Gina;RAINFOREST_RESIN;SEASHELLS;9997.0;6
1;57100;Camilla;Penelope;VOLCANIC_ROCK_VOUCHER_10000;SEASHELLS;182.0;16
1;57100;Camilla;Penelope;VOLCANIC_ROCK_VOUCHER_10250;SEASHELLS;41.0;16
1;57100;Camilla;Penelope;VOLCANIC_ROCK_VOUCHER_9500;SEASHELLS;661.0;16
1;57100;Camilla;Penelope;VOLCANIC_ROCK_VOUCHER_9750;SEASHELLS;413.0;16
1;57300;Caesar;Caesar;VOLCANIC_ROCK;SEASHELLS;10161.0;7
1;57500;Penelope;Camilla;KELP;SEASHELLS;2047.0;1
1;57500;Penelope;Charlie;KELP;SEASHELLS;2047.0;4
1;57500;Penelope;Camilla;SQUID_INK;SEASHELLS;1794.0;1
1;57500;Penelope;Charlie;SQUID_INK;SEASHELLS;1794.0;4
1;57600;Charlie;Paris;KELP;SEASHELLS;2045.0;1
1;57600;Paris;Charlie;KELP;SEASHELLS;2048.0;1
1;57600;Charlie;Pablo;RAINFOREST_RESIN;SEASHELLS;9998.0;4
1;57600;Charlie;Paris;SQUID_INK;SEASHELLS;1792.0;1
1;57600;Paris;Charlie;SQUID_INK;SEASHELLS;1795.0;1
1;57800;Paris;Charlie;KELP;SEASHELLS;2047.0;1
1;57800;Paris;Charlie;SQUID_INK;SEASHELLS;1795.0;1
1;57900;Gina;Paris;KELP;SEASHELLS;2045.0;1
1;57900;Paris;Charlie;RAINFOREST_RESIN;SEASHELLS;10008.0;1
1;57900;Gina;Paris;SQUID_INK;SEASHELLS;1793.0;1
1;58100;Caesar;Paris;DJEMBES;SEASHELLS;13460.0;2
1;58200;Camilla;Caesar;VOLCANIC_ROCK_VOUCHER_10000;SEASHELLS;177.0;19
1;58200;Camilla;Caesar;VOLCANIC_ROCK_VOUCHER_10250;SEASHELLS;40.0;19
1;58200;Camilla;Caesar;VOLCANIC_ROCK_VOUCHER_10500;SEASHELLS;4.0;19
1;58200;Camilla;Caesar;VOLCANIC_ROCK_VOUCHER_9750;SEASHELLS;411.0;19
1;58300;Charlie;Paris;KELP;SEASHELLS;2045.0;1
1;58300;Charlie;Paris;SQUID_INK;SEASHELLS;1791.0;1
1;58400;Paris;Pablo;KELP;SEASHELLS;2046.0;1
1;58400;Paris;Pablo;KELP;SEASHELLS;2046.0;1
1;58400;Penelope;Camilla;PICNIC_BASKET1;SEASHELLS;58824.0;5
1;58400;Penelope;Camilla;PICNIC_BASKET2;SEASHELLS;30101.0;5
1;58400;Paris;Pablo;SQUID_INK;SEASHELLS;1791.0;1
1;58400;Paris;Pablo;SQUID_INK;SEASHELLS;1791.0;1
1;58600;Caesar;Paris;JAMS;SEASHELLS;6529.0;6
1;58600;Caesar;Penelope;PICNIC_BASKET1;SEASHELLS;58813.0;1
1;58600;Caesar;Penelope;PICNIC_BASKET2;SEASHELLS;30097.0;1
1;58700;Paris;Caesar;JAMS;SEASHELLS;6531.0;4
1;58700;Camilla;Caesar;VOLCANIC_ROCK_VOUCHER_10000;SEASHELLS;177.0;10
1;58700;Camilla;Caesar;VOLCANIC_ROCK_VOUCHER_10250;SEASHELLS;39.0;10
1;58700;Camilla;Caesar;VOLCANIC_ROCK_VOUCHER_10500;SEASHELLS;4.0;10
1;58700;Camilla;Caesar;VOLCANIC_ROCK_VOUCHER_9500;SEASHELLS;657.0;10
1;58700;Camilla;Caesar;VOLCANIC_ROCK_VOUCHER_9750;SEASHELLS;409.0;10
1;58800;Paris;Caesar;JAMS;SEASHELLS;6530.0;8
1;58900;Paris;Charlie;KELP;SEASHELLS;2049.0;2
1;58900;Charlie;Pablo;RAINFOREST_RESIN;SEASHELLS;9992.0;4
1;58900;Paris;Charlie;SQUID_INK;SEASHELLS;1790.0;2
1;59000;Caesar;Paris;DJEMBES;SEASHELLS;13455.0;1
1;59100;Charlie;Paris;KELP;SEASHELLS;2046.0;2
1;59100;Pablo;Caesar;PICNIC_BASKET1;SEASHELLS;58824.0;2
1;59100;Pablo;Caesar;PICNIC_BASKET2;SEASHELLS;30102.0;2
1;59100;Charlie;Paris;SQUID_INK;SEASHELLS;1787.0;2
1;59200;Caesar;Paris;CROISSANTS;SEASHELLS;4265.0;6
1;59200;Penelope;Caesar;PICNIC_BASKET1;SEASHELLS;58833.0;2
1;59200;Penelope;Caesar;PICNIC_BASKET2;SEASHELLS;30104.0;2
1;59200;Caesar;Caesar;VOLCANIC_ROCK;SEASHELLS;10160.0;5
1;59400;Paris;Caesar;DJEMBES;SEASHELLS;13456.0;1
1;59500;Caesar;Caesar;VOLCANIC_ROCK;SEASHELLS;10159.0;6
1;59700;Caesar;Paris;JAMS;SEASHELLS;6529.0;8
1;59700;Paris;Caesar;KELP;SEASHELLS;2048.0;1
1;59700;Paris;Caesar;SQUID_INK;SEASHELLS;1786.0;1
1;59800;Caesar;Paris;CROISSANTS;SEASHELLS;4265.0;8
1;59800;Charlie;Gina;KELP;SEASHELLS;2046.0;10
1;59800;Penelope;Camilla;PICNIC_BASKET1;SEASHELLS;58834.0;6
1;59800;Penelope;Charlie;PICNIC_BASKET2;SEASHELLS;30106.0;6
1;59800;Charlie;Gina;SQUID_INK;SEASHELLS;1785.0;10
1;59900;Camilla;Paris;KELP;SEASHELLS;2046.0;1
1;59900;Paris;Charlie;RAINFOREST_RESIN;SEASHELLS;10001.0;1
1;59900;Camilla;Paris;SQUID_INK;SEASHELLS;1785.0;1
1;60000;Camilla;Paris;KELP;SEASHELLS;2046.0;1
1;60000;Pablo;Caesar;PICNIC_BASKET1;SEASHELLS;58841.0;8
1;60000;Pablo;Caesar;PICNIC_BASKET2;SEASHELLS;30100.0;8
1;60000;Camilla;Paris;SQUID_INK;SEASHELLS;1786.0;1
1;60100;Caesar;Paris;KELP;SEASHELLS;2046.0;1
1;60100;Caesar;Paris;MAGNIFICENT_MACARONS;SEASHELLS;585.0;4
1;60100;Caesar;Paris;SQUID_INK;SEASHELLS;1784.0;1
1;60200;Caesar;Paris;DJEMBES;SEASHELLS;13462.0;4
1;60200;Paris;Charlie;RAINFOREST_RESIN;SEASHELLS;10008.0;1
1;60300;Paris;Caesar;JAMS;SEASHELLS;6535.0;9
1;60300;Penelope;Caesar;PICNIC_BASKET1;SEASHELLS;58849.0;2
1;60300;Penelope;Caesar;PICNIC_BASKET2;SEASHELLS;30103.0;2
1;60700;Caesar;Paris;DJEMBES;SEASHELLS;13462.0;1
1;60700;Paris;Charlie;RAINFOREST_RESIN;SEASHELLS;10008.0;2
1;60900;Gary;Charlie;RAINFOREST_RESIN;SEASHELLS;10008.0;7
1;61000;Peter;Caesar;VOLCANIC_ROCK;SEASHELLS;10174.0;6
1;61100;Caesar;Paris;DJEMBES;SEASHELLS;13462.0;2
1;61200;Caesar;Camilla;CROISSANTS;SEASHELLS;4265.0;10
1;61200;Paris;Caesar;JAMS;SEASHELLS;6539.0;4
1;61200;Paris;Charlie;KELP;SEASHELLS;2048.0;1
1;61200;Paris;Charlie;SQUID_INK;SEASHELLS;1782.0;1
1;61300;Paris;Caesar;JAMS;SEASHELLS;6539.0;10
1;61400;Charlie;Paris;KELP;SEASHELLS;2046.0;1
1;61400;Charlie;Paris;SQUID_INK;SEASHELLS;1780.0;1
1;61500;Caesar;Paris;JAMS;SEASHELLS;6537.0;9
1;61600;Caesar;Paris;JAMS;SEASHELLS;6538.0;4
1;61600;Penelope;Charlie;KELP;SEASHELLS;2049.0;10
1;61600;Penelope;Charlie;SQUID_INK;SEASHELLS;1783.0;10
1;62000;Caesar;Camilla;DJEMBES;SEASHELLS;13457.0;6
1;62000;Paris;Caesar;JAMS;SEASHELLS;6542.0;10
1;62200;Camilla;Paris;KELP;SEASHELLS;2046.0;1
1;62200;Camilla;Paris;SQUID_INK;SEASHELLS;1780.0;1
1;62300;Charlie;Paris;KELP;SEASHELLS;2046.0;1
1;62300;Penelope;Charlie;RAINFOREST_RESIN;SEASHELLS;10008.0;8
1;62300;Caesar;Paris;SQUID_INK;SEASHELLS;1779.0;1
1;62500;Charlie;Paris;KELP;SEASHELLS;2046.0;1
1;62500;Charlie;Paris;SQUID_INK;SEASHELLS;1778.0;1
1;62600;Paris;Caesar;DJEMBES;SEASHELLS;13461.0;4
1;62600;Paris;Charlie;KELP;SEASHELLS;2048.0;1
1;62600;Paris;Charlie;SQUID_INK;SEASHELLS;1779.0;1
1;62700;Paris;Camilla;KELP;SEASHELLS;2048.0;1
1;62700;Penelope;Camilla;KELP;SEASHELLS;2048.0;7
1;62700;Paris;Camilla;SQUID_INK;SEASHELLS;1778.0;1
1;62700;Penelope;Camilla;SQUID_INK;SEASHELLS;1778.0;7
1;62900;Paris;Caesar;DJEMBES;SEASHELLS;13460.0;5
1;63000;Caesar;Paris;DJEMBES;SEASHELLS;13461.0;5
1;63200;Paris;Charlie;KELP;SEASHELLS;2049.0;1
1;63200;Paris;Caesar;SQUID_INK;SEASHELLS;1778.0;1
1;63400;Paris;Camilla;KELP;SEASHELLS;2048.0;1
1;63400;Paris;Camilla;SQUID_INK;SEASHELLS;1775.0;1
1;63500;Paris;Caesar;DJEMBES;SEASHELLS;13460.0;4
1;63600;Camilla;Penelope;VOLCANIC_ROCK_VOUCHER_10000;SEASHELLS;202.0;12
1;63600;Caesar;Penelope;VOLCANIC_ROCK_VOUCHER_10000;SEASHELLS;202.0;1
1;63600;Camilla;Penelope;VOLCANIC_ROCK_VOUCHER_9500;SEASHELLS;684.0;12
1;63600;Caesar;Penelope;VOLCANIC_ROCK_VOUCHER_9500;SEASHELLS;684.0;1
1;63600;Camilla;Penelope;VOLCANIC_ROCK_VOUCHER_9750;SEASHELLS;435.0;12
1;63600;Caesar;Penelope;VOLCANIC_ROCK_VOUCHER_9750;SEASHELLS;435.0;1
1;63800;Paris;Caesar;DJEMBES;SEASHELLS;13460.0;4
1;63800;Paris;Charlie;KELP;SEASHELLS;2048.0;1
1;63800;Paris;Charlie;SQUID_INK;SEASHELLS;1776.0;1
1;63900;Caesar;Caesar;VOLCANIC_ROCK;SEASHELLS;10185.0;8
1;64100;Paris;Caesar;CROISSANTS;SEASHELLS;4265.0;6
1;64100;Caesar;Paris;DJEMBES;SEASHELLS;13458.0;5
1;64100;Paris;Charlie;RAINFOREST_RESIN;SEASHELLS;10001.0;1
1;64200;Charlie;Paris;KELP;SEASHELLS;2046.0;1
1;64200;Caesar;Paris;SQUID_INK;SEASHELLS;1776.0;1
1;64300;Paris;Charlie;RAINFOREST_RESIN;SEASHELLS;10008.0;1
1;64400;Paris;Caesar;DJEMBES;SEASHELLS;13460.0;4
1;64400;Caesar;Camilla;JAMS;SEASHELLS;6535.0;6
1;64600;Caesar;Paris;DJEMBES;SEASHELLS;13456.0;5
1;64600;Charlie;Paris;KELP;SEASHELLS;2046.0;1
1;64600;Charlie;Paris;SQUID_INK;SEASHELLS;1776.0;1
1;64700;Caesar;Caesar;VOLCANIC_ROCK;SEASHELLS;10189.0;6
1;64800;Charlie;Caesar;KELP;SEASHELLS;2047.0;2
1;64800;Charlie;Paris;RAINFOREST_RESIN;SEASHELLS;9999.0;1
1;64800;Charlie;Caesar;SQUID_INK;SEASHELLS;1776.0;2
1;65000;Paris;Camilla;KELP;SEASHELLS;2048.0;2
1;65000;Paris;Camilla;SQUID_INK;SEASHELLS;1773.0;2
1;65100;Caesar;Camilla;CROISSANTS;SEASHELLS;4263.0;8
1;65100;Camilla;Paris;KELP;SEASHELLS;2046.0;1
1;65100;Camilla;Paris;SQUID_INK;SEASHELLS;1773.0;1
1;65200;Paris;Caesar;CROISSANTS;SEASHELLS;4264.0;5
1;65200;Camilla;Caesar;VOLCANIC_ROCK_VOUCHER_10250;SEASHELLS;50.0;17
1;65200;Camilla;Caesar;VOLCANIC_ROCK_VOUCHER_10500;SEASHELLS;6.0;17
1;65200;Camilla;Caesar;VOLCANIC_ROCK_VOUCHER_9500;SEASHELLS;689.0;17
1;65200;Camilla;Caesar;VOLCANIC_ROCK_VOUCHER_9750;SEASHELLS;440.0;17
1;65300;Paris;Caesar;CROISSANTS;SEASHELLS;4264.0;6
1;65300;Caesar;Paris;JAMS;SEASHELLS;6537.0;10
1;65400;Paris;Caesar;CROISSANTS;SEASHELLS;4264.0;8
1;65400;Caesar;Paris;DJEMBES;SEASHELLS;13454.0;4
1;65400;Charlie;Paris;KELP;SEASHELLS;2046.0;1
1;65400;Paris;Charlie;RAINFOREST_RESIN;SEASHELLS;10008.0;1
1;65400;Charlie;Paris;SQUID_INK;SEASHELLS;1775.0;1
1;65500;Paris;Caesar;CROISSANTS;SEASHELLS;4264.0;5
1;65500;Gina;Camilla;KELP;SEASHELLS;2048.0;4
1;65500;Gina;Gary;KELP;SEASHELLS;2048.0;4
1;65500;Gina;Camilla;SQUID_INK;SEASHELLS;1776.0;4
1;65500;Gina;Gary;SQUID_INK;SEASHELLS;1776.0;4
1;65700;Charlie;Paris;KELP;SEASHELLS;2046.0;1
1;65700;Charlie;Pablo;RAINFOREST_RESIN;SEASHELLS;9992.0;5
1;65700;Charlie;Gina;RAINFOREST_RESIN;SEASHELLS;9997.0;8
1;65700;Charlie;Paris;SQUID_INK;SEASHELLS;1774.0;1
1;65700;Caesar;Caesar;VOLCANIC_ROCK;SEASHELLS;10191.0;10
1;66000;Paris;Charlie;KELP;SEASHELLS;2049.0;2
1;66000;Paris;Charlie;SQUID_INK;SEASHELLS;1778.0;2
1;66300;Charlie;Paris;KELP;SEASHELLS;2045.0;1
1;66300;Charlie;Paris;SQUID_INK;SEASHELLS;1771.0;1
1;66300;Camilla;Caesar;VOLCANIC_ROCK_VOUCHER_10000;SEASHELLS;205.0;13
1;66300;Camilla;Caesar;VOLCANIC_ROCK_VOUCHER_10250;SEASHELLS;50.0;13
1;66300;Camilla;Caesar;VOLCANIC_ROCK_VOUCHER_10500;SEASHELLS;6.0;13
1;66300;Camilla;Caesar;VOLCANIC_ROCK_VOUCHER_9500;SEASHELLS;687.0;13
1;66300;Camilla;Caesar;VOLCANIC_ROCK_VOUCHER_9750;SEASHELLS;439.0;13
1;66400;Caesar;Pablo;PICNIC_BASKET1;SEASHELLS;58832.0;2
1;66400;Camilla;Pablo;PICNIC_BASKET1;SEASHELLS;58831.0;3
1;66400;Camilla;Pablo;PICNIC_BASKET2;SEASHELLS;30063.0;5
1;66500;Caesar;Paris;KELP;SEASHELLS;2046.0;1
1;66500;Caesar;Paris;SQUID_INK;SEASHELLS;1773.0;1
1;66700;Camilla;Paris;KELP;SEASHELLS;2046.0;1
1;66700;Camilla;Paris;SQUID_INK;SEASHELLS;1775.0;1
1;66900;Gina;Penelope;KELP;SEASHELLS;2047.0;8
1;66900;Gina;Penelope;SQUID_INK;SEASHELLS;1780.0;8
1;67000;Paris;Charlie;SQUID_INK;SEASHELLS;1782.0;1
1;67200;Camilla;Caesar;VOLCANIC_ROCK_VOUCHER_10000;SEASHELLS;201.0;11
1;67200;Caesar;Caesar;VOLCANIC_ROCK_VOUCHER_10000;SEASHELLS;201.0;1
1;67200;Camilla;Caesar;VOLCANIC_ROCK_VOUCHER_10250;SEASHELLS;47.0;11
1;67200;Caesar;Caesar;VOLCANIC_ROCK_VOUCHER_10250;SEASHELLS;47.0;1
1;67200;Camilla;Caesar;VOLCANIC_ROCK_VOUCHER_10500;SEASHELLS;6.0;11
1;67200;Caesar;Caesar;VOLCANIC_ROCK_VOUCHER_10500;SEASHELLS;6.0;1
1;67200;Camilla;Caesar;VOLCANIC_ROCK_VOUCHER_9500;SEASHELLS;680.0;11
1;67200;Caesar;Caesar;VOLCANIC_ROCK_VOUCHER_9500;SEASHELLS;680.0;1
1;67200;Camilla;Caesar;VOLCANIC_ROCK_VOUCHER_9750;SEASHELLS;431.0;11
1;67200;Caesar;Caesar;VOLCANIC_ROCK_VOUCHER_9750;SEASHELLS;431.0;1
1;67300;Caesar;Paris;DJEMBES;SEASHELLS;13456.0;5
1;67300;Charlie;Paris;KELP;SEASHELLS;2045.0;1
1;67300;Charlie;Paris;SQUID_INK;SEASHELLS;1779.0;1
1;67400;Camilla;Pablo;PICNIC_BASKET1;SEASHELLS;58836.0;2
1;67400;Caesar;Pablo;PICNIC_BASKET2;SEASHELLS;30071.0;2
1;67500;Caesar;Caesar;VOLCANIC_ROCK;SEASHELLS;10180.0;9
1;67600;Charlie;Paris;KELP;SEASHELLS;2045.0;2
1;67600;Charlie;Paris;SQUID_INK;SEASHELLS;1780.0;2
1;67700;Camilla;Paris;KELP;SEASHELLS;2046.0;1
1;67700;Camilla;Paris;SQUID_INK;SEASHELLS;1782.0;1
1;67800;Paris;Caesar;KELP;SEASHELLS;2048.0;1
1;67800;Caesar;Paris;MAGNIFICENT_MACARONS;SEASHELLS;569.0;7
1;67800;Paris;Caesar;SQUID_INK;SEASHELLS;1783.0;1
1;67900;Caesar;Camilla;JAMS;SEASHELLS;6540.0;10
1;67900;Charlie;Paris;RAINFOREST_RESIN;SEASHELLS;9992.0;1
1;68000;Paris;Charlie;KELP;SEASHELLS;2049.0;2
1;68000;Paris;Charlie;SQUID_INK;SEASHELLS;1782.0;2
1;68100;Penelope;Charlie;KELP;SEASHELLS;2049.0;11
1;68100;Caesar;Penelope;PICNIC_BASKET1;SEASHELLS;58828.0;2
1;68100;Camilla;Penelope;PICNIC_BASKET2;SEASHELLS;30070.0;6
1;68100;Penelope;Caesar;SQUID_INK;SEASHELLS;1782.0;2
1;68200;Caesar;Camilla;DJEMBES;SEASHELLS;13454.0;9
1;68200;Paris;Caesar;JAMS;SEASHELLS;6542.0;4
1;68300;Charlie;Paris;KELP;SEASHELLS;2046.0;1
1;68300;Charlie;Pablo;RAINFOREST_RESIN;SEASHELLS;9998.0;4
1;68300;Charlie;Paris;SQUID_INK;SEASHELLS;1781.0;1
1;68400;Paris;Caesar;CROISSANTS;SEASHELLS;4265.0;6
1;68600;Paris;Caesar;DJEMBES;SEASHELLS;13458.0;3
1;68900;Gina;Paris;RAINFOREST_RESIN;SEASHELLS;9999.0;1
1;69000;Paris;Charlie;KELP;SEASHELLS;2049.0;2
1;69000;Paris;Charlie;SQUID_INK;SEASHELLS;1785.0;2
1;69100;Caesar;Paris;DJEMBES;SEASHELLS;13461.0;2
1;69100;Caesar;Paris;MAGNIFICENT_MACARONS;SEASHELLS;586.0;7
1;69100;Charlie;Paris;RAINFOREST_RESIN;SEASHELLS;9992.0;1
1;69300;Camilla;Pablo;VOLCANIC_ROCK_VOUCHER_10000;SEASHELLS;209.0;15
1;69300;Camilla;Pablo;VOLCANIC_ROCK_VOUCHER_10250;SEASHELLS;52.0;15
1;69300;Camilla;Pablo;VOLCANIC_ROCK_VOUCHER_10500;SEASHELLS;6.0;15
1;69300;Camilla;Pablo;VOLCANIC_ROCK_VOUCHER_9500;SEASHELLS;692.0;15
1;69300;Camilla;Pablo;VOLCANIC_ROCK_VOUCHER_9750;SEASHELLS;443.0;15
1;69500;Caesar;Pablo;PICNIC_BASKET1;SEASHELLS;58854.0;1
1;69500;Camilla;Pablo;PICNIC_BASKET2;SEASHELLS;30061.0;5
1;69600;Penelope;Charlie;RAINFOREST_RESIN;SEASHELLS;10008.0;5
1;69600;Camilla;Caesar;VOLCANIC_ROCK_VOUCHER_10000;SEASHELLS;206.0;20
1;69600;Camilla;Caesar;VOLCANIC_ROCK_VOUCHER_10250;SEASHELLS;50.0;20
1;69600;Camilla;Caesar;VOLCANIC_ROCK_VOUCHER_10500;SEASHELLS;6.0;20
1;69600;Camilla;Caesar;VOLCANIC_ROCK_VOUCHER_9500;SEASHELLS;689.0;20
1;69600;Camilla;Caesar;VOLCANIC_ROCK_VOUCHER_9750;SEASHELLS;440.0;20
1;69800;Caesar;Paris;CROISSANTS;SEASHELLS;4263.0;5
1;70200;Charlie;Pablo;KELP;SEASHELLS;2046.0;3
1;70200;Charlie;Pablo;SQUID_INK;SEASHELLS;1781.0;3
1;70300;Paris;Caesar;DJEMBES;SEASHELLS;13473.0;5
1;70300;Caesar;Pablo;PICNIC_BASKET1;SEASHELLS;58864.0;1
1;70300;Camilla;Pablo;PICNIC_BASKET1;SEASHELLS;58863.0;7
1;70300;Camilla;Pablo;PICNIC_BASKET2;SEASHELLS;30078.0;8
1;70600;Paris;Caesar;CROISSANTS;SEASHELLS;4266.0;8
1;70600;Charlie;Pablo;RAINFOREST_RESIN;SEASHELLS;9998.0;3
1;71100;Paris;Caesar;CROISSANTS;SEASHELLS;4266.0;5
1;71200;Caesar;Paris;JAMS;SEASHELLS;6543.0;7
1;71300;Charlie;Pablo;RAINFOREST_RESIN;SEASHELLS;9998.0;5
1;71500;Caesar;Camilla;CROISSANTS;SEASHELLS;4266.0;10
1;71700;Paris;Caesar;DJEMBES;SEASHELLS;13468.0;3
1;71700;Camilla;Caesar;VOLCANIC_ROCK_VOUCHER_10000;SEASHELLS;206.0;11
1;71700;Caesar;Caesar;VOLCANIC_ROCK_VOUCHER_10000;SEASHELLS;206.0;1
1;71700;Camilla;Caesar;VOLCANIC_ROCK_VOUCHER_10250;SEASHELLS;51.0;11
1;71700;Caesar;Caesar;VOLCANIC_ROCK_VOUCHER_10250;SEASHELLS;51.0;1
1;71700;Camilla;Caesar;VOLCANIC_ROCK_VOUCHER_10500;SEASHELLS;6.0;11
1;71700;Caesar;Caesar;VOLCANIC_ROCK_VOUCHER_10500;SEASHELLS;6.0;1
1;71700;Camilla;Caesar;VOLCANIC_ROCK_VOUCHER_9500;SEASHELLS;690.0;11
1;71700;Caesar;Caesar;VOLCANIC_ROCK_VOUCHER_9500;SEASHELLS;690.0;1
1;71700;Camilla;Caesar;VOLCANIC_ROCK_VOUCHER_9750;SEASHELLS;442.0;11
1;71700;Caesar;Caesar;VOLCANIC_ROCK_VOUCHER_9750;SEASHELLS;442.0;1
1;71800;Paris;Charlie;RAINFOREST_RESIN;SEASHELLS;10001.0;1
1;72000;Paris;Caesar;DJEMBES;SEASHELLS;13471.0;1
1;72100;Camilla;Pablo;PICNIC_BASKET1;SEASHELLS;58904.0;8
1;72200;Charlie;Paris;KELP;SEASHELLS;2045.0;1
1;72200;Penelope;Charlie;KELP;SEASHELLS;2049.0;14
1;72200;Charlie;Paris;SQUID_INK;SEASHELLS;1785.0;1
1;72200;Penelope;Charlie;SQUID_INK;SEASHELLS;1788.0;14
1;72400;Caesar;Camilla;CROISSANTS;SEASHELLS;4267.0;5
1;72400;Penelope;Charlie;KELP;SEASHELLS;2049.0;6
1;72400;Penelope;Charlie;SQUID_INK;SEASHELLS;1787.0;6
1;72400;Caesar;Caesar;VOLCANIC_ROCK;SEASHELLS;10185.0;5
1;72500;Charlie;Paris;KELP;SEASHELLS;2045.0;2
1;72500;Paris;Charlie;RAINFOREST_RESIN;SEASHELLS;10001.0;1
1;72500;Charlie;Paris;SQUID_INK;SEASHELLS;1786.0;2
1;72600;Caesar;Paris;CROISSANTS;SEASHELLS;4267.0;7
1;72600;Paris;Caesar;DJEMBES;SEASHELLS;13473.0;4
1;72700;Paris;Caesar;JAMS;SEASHELLS;6544.0;7
1;72700;Camilla;Penelope;PICNIC_BASKET1;SEASHELLS;58898.0;8
1;72700;Camilla;Penelope;PICNIC_BASKET2;SEASHELLS;30085.0;8
1;72800;Paris;Charlie;KELP;SEASHELLS;2049.0;2
1;72800;Paris;Charlie;SQUID_INK;SEASHELLS;1788.0;2
1;72900;Charlie;Paris;KELP;SEASHELLS;2046.0;1
1;72900;Charlie;Paris;SQUID_INK;SEASHELLS;1786.0;1
1;73000;Charlie;Pablo;RAINFOREST_RESIN;SEASHELLS;9992.0;6
1;73000;Camilla;Caesar;VOLCANIC_ROCK_VOUCHER_10000;SEASHELLS;202.0;12
1;73000;Camilla;Caesar;VOLCANIC_ROCK_VOUCHER_10250;SEASHELLS;49.0;12
1;73000;Camilla;Caesar;VOLCANIC_ROCK_VOUCHER_10500;SEASHELLS;6.0;12
1;73000;Camilla;Caesar;VOLCANIC_ROCK_VOUCHER_9500;SEASHELLS;685.0;12
1;73000;Camilla;Caesar;VOLCANIC_ROCK_VOUCHER_9750;SEASHELLS;436.0;12
1;73100;Caesar;Paris;JAMS;SEASHELLS;6542.0;8
1;73300;Pablo;Charlie;RAINFOREST_RESIN;SEASHELLS;10008.0;5
1;73500;Charlie;Penelope;PICNIC_BASKET1;SEASHELLS;58900.0;6
1;73500;Charlie;Penelope;PICNIC_BASKET2;SEASHELLS;30091.0;6
1;73500;Paris;Charlie;RAINFOREST_RESIN;SEASHELLS;10008.0;1
1;73600;Caesar;Paris;JAMS;SEASHELLS;6544.0;8
1;73700;Penelope;Camilla;PICNIC_BASKET1;SEASHELLS;58917.0;8
1;73700;Penelope;Charlie;PICNIC_BASKET2;SEASHELLS;30105.0;8
1;73700;Pablo;Paris;RAINFOREST_RESIN;SEASHELLS;10002.0;1
1;73700;Pablo;Charlie;RAINFOREST_RESIN;SEASHELLS;10002.0;3
1;73800;Caesar;Paris;DJEMBES;SEASHELLS;13474.0;4
1;73900;Charlie;Paris;RAINFOREST_RESIN;SEASHELLS;9999.0;1
1;74000;Paris;Caesar;DJEMBES;SEASHELLS;13476.0;4
1;74000;Charlie;Penelope;RAINFOREST_RESIN;SEASHELLS;9992.0;8
1;74100;Penelope;Charlie;KELP;SEASHELLS;2049.0;8
1;74100;Penelope;Charlie;SQUID_INK;SEASHELLS;1786.0;8
1;74200;Pablo;Charlie;RAINFOREST_RESIN;SEASHELLS;10008.0;5
1;74300;Paris;Charlie;KELP;SEASHELLS;2048.0;1
1;74300;Paris;Charlie;SQUID_INK;SEASHELLS;1787.0;1
1;74400;Caesar;Camilla;CROISSANTS;SEASHELLS;4266.0;6
1;74400;Paris;Caesar;CROISSANTS;SEASHELLS;4267.0;5
1;74400;Caesar;Paris;DJEMBES;SEASHELLS;13477.0;4
1;74400;Charlie;Paris;KELP;SEASHELLS;2046.0;1
1;74400;Charlie;Paris;SQUID_INK;SEASHELLS;1785.0;1
1;74400;Caesar;Peter;VOLCANIC_ROCK;SEASHELLS;10188.0;10
1;74500;Caesar;Pablo;PICNIC_BASKET1;SEASHELLS;58892.0;2
1;74500;Camilla;Penelope;PICNIC_BASKET1;SEASHELLS;58891.0;10
1;74500;Camilla;Pablo;PICNIC_BASKET2;SEASHELLS;30095.0;7
1;74500;Camilla;Penelope;PICNIC_BASKET2;SEASHELLS;30095.0;8
1;74500;Caesar;Penelope;PICNIC_BASKET2;SEASHELLS;30095.0;2
1;74600;Camilla;Camilla;MAGNIFICENT_MACARONS;SEASHELLS;639.0;3
1;74700;Caesar;Caesar;VOLCANIC_ROCK;SEASHELLS;10188.0;5
1;74800;Paris;Charlie;KELP;SEASHELLS;2048.0;1
1;74900;Paris;Caesar;DJEMBES;SEASHELLS;13476.0;3
1;74900;Camilla;Caesar;VOLCANIC_ROCK_VOUCHER_10000;SEASHELLS;199.0;14
1;74900;Camilla;Caesar;VOLCANIC_ROCK_VOUCHER_10250;SEASHELLS;49.0;14
1;74900;Camilla;Caesar;VOLCANIC_ROCK_VOUCHER_10500;SEASHELLS;6.0;14
1;74900;Camilla;Caesar;VOLCANIC_ROCK_VOUCHER_9500;SEASHELLS;685.0;14
1;74900;Camilla;Caesar;VOLCANIC_ROCK_VOUCHER_9750;SEASHELLS;437.0;14
1;75100;Caesar;Paris;CROISSANTS;SEASHELLS;4266.0;6
1;75200;Charlie;Paris;KELP;SEASHELLS;2046.0;1
1;75200;Paris;Charlie;MAGNIFICENT_MACARONS;SEASHELLS;646.0;5
1;75200;Charlie;Paris;SQUID_INK;SEASHELLS;1783.0;1
1;75300;Charlie;Paris;RAINFOREST_RESIN;SEASHELLS;9992.0;2
1;75400;Charlie;Gary;KELP;SEASHELLS;2046.0;15
1;75400;Charlie;Gary;SQUID_INK;SEASHELLS;1784.0;15
1;75500;Caesar;Caesar;VOLCANIC_ROCK;SEASHELLS;10186.0;5
1;75600;Charlie;Paris;KELP;SEASHELLS;2046.0;1
1;75600;Caesar;Paris;MAGNIFICENT_MACARONS;SEASHELLS;641.0;5
1;75600;Charlie;Paris;MAGNIFICENT_MACARONS;SEASHELLS;641.0;2
1;75600;Charlie;Paris;SQUID_INK;SEASHELLS;1785.0;1
1;75700;Caesar;Paris;DJEMBES;SEASHELLS;13478.0;4
1;75800;Paris;Charlie;MAGNIFICENT_MACARONS;SEASHELLS;650.0;6
1;76000;Caesar;Paris;JAMS;SEASHELLS;6542.0;6
1;76000;Pablo;Camilla;KELP;SEASHELLS;2047.0;2
1;76000;Pablo;Camilla;SQUID_INK;SEASHELLS;1785.0;2
1;76000;Camilla;Caesar;VOLCANIC_ROCK_VOUCHER_10000;SEASHELLS;200.0;16
1;76000;Caesar;Caesar;VOLCANIC_ROCK_VOUCHER_10000;SEASHELLS;200.0;1
1;76000;Camilla;Caesar;VOLCANIC_ROCK_VOUCHER_10250;SEASHELLS;48.0;16
1;76000;Caesar;Caesar;VOLCANIC_ROCK_VOUCHER_10250;SEASHELLS;48.0;1
1;76000;Camilla;Caesar;VOLCANIC_ROCK_VOUCHER_10500;SEASHELLS;6.0;16
1;76000;Caesar;Caesar;VOLCANIC_ROCK_VOUCHER_10500;SEASHELLS;6.0;1
1;76000;Camilla;Caesar;VOLCANIC_ROCK_VOUCHER_9500;SEASHELLS;683.0;16
1;76000;Caesar;Caesar;VOLCANIC_ROCK_VOUCHER_9500;SEASHELLS;683.0;1
1;76000;Camilla;Caesar;VOLCANIC_ROCK_VOUCHER_9750;SEASHELLS;435.0;16
1;76000;Caesar;Caesar;VOLCANIC_ROCK_VOUCHER_9750;SEASHELLS;435.0;1
1;76400;Caesar;Camilla;CROISSANTS;SEASHELLS;4265.0;4
1;76400;Paris;Charlie;KELP;SEASHELLS;2048.0;1
1;76400;Paris;Charlie;SQUID_INK;SEASHELLS;1786.0;1
1;76500;Paris;Caesar;CROISSANTS;SEASHELLS;4265.0;5
1;76500;Paris;Charlie;KELP;SEASHELLS;2048.0;1
1;76500;Paris;Charlie;SQUID_INK;SEASHELLS;1784.0;1
1;76700;Pablo;Caesar;RAINFOREST_RESIN;SEASHELLS;10002.0;4
1;76800;Caesar;Camilla;CROISSANTS;SEASHELLS;4264.0;7
1;76900;Caesar;Paris;CROISSANTS;SEASHELLS;4264.0;5
1;77000;Caesar;Caesar;VOLCANIC_ROCK;SEASHELLS;10183.0;6
1;77100;Paris;Charlie;KELP;SEASHELLS;2048.0;1
1;77100;Paris;Charlie;SQUID_INK;SEASHELLS;1787.0;1
1;77200;Caesar;Camilla;CROISSANTS;SEASHELLS;4264.0;9
1;77200;Paris;Charlie;MAGNIFICENT_MACARONS;SEASHELLS;632.0;5
1;77500;Caesar;Camilla;CROISSANTS;SEASHELLS;4263.0;4
1;77800;Caesar;Paris;RAINFOREST_RESIN;SEASHELLS;9999.0;1
1;78100;Camilla;Paris;KELP;SEASHELLS;2046.0;1
1;78100;Camilla;Paris;SQUID_INK;SEASHELLS;1786.0;1
1;78200;Caesar;Camilla;JAMS;SEASHELLS;6539.0;7
1;78300;Paris;Charlie;KELP;SEASHELLS;2049.0;1
1;78300;Paris;Charlie;KELP;SEASHELLS;2048.0;1
1;78300;Charlie;Paris;RAINFOREST_RESIN;SEASHELLS;9992.0;1
1;78300;Paris;Charlie;SQUID_INK;SEASHELLS;1788.0;1
1;78400;Penelope;Charlie;KELP;SEASHELLS;2049.0;5
1;78400;Charlie;Penelope;RAINFOREST_RESIN;SEASHELLS;9992.0;6
1;78400;Penelope;Charlie;SQUID_INK;SEASHELLS;1787.0;5
1;78500;Camilla;Caesar;VOLCANIC_ROCK_VOUCHER_10000;SEASHELLS;198.0;14
1;78500;Camilla;Caesar;VOLCANIC_ROCK_VOUCHER_10250;SEASHELLS;47.0;14
1;78500;Camilla;Caesar;VOLCANIC_ROCK_VOUCHER_10500;SEASHELLS;6.0;14
1;78500;Camilla;Caesar;VOLCANIC_ROCK_VOUCHER_9500;SEASHELLS;679.0;14
1;78500;Camilla;Caesar;VOLCANIC_ROCK_VOUCHER_9750;SEASHELLS;431.0;14
1;78800;Charlie;Paris;RAINFOREST_RESIN;SEASHELLS;9999.0;1
1;79000;Paris;Caesar;CROISSANTS;SEASHELLS;4265.0;8
1;79100;Paris;Caesar;DJEMBES;SEASHELLS;13483.0;4
1;79100;Charlie;Paris;KELP;SEASHELLS;2046.0;1
1;79100;Charlie;Paris;SQUID_INK;SEASHELLS;1783.0;1
1;79200;Caesar;Camilla;CROISSANTS;SEASHELLS;4263.0;8
1;79300;Charlie;Gina;KELP;SEASHELLS;2046.0;10
1;79300;Paris;Charlie;RAINFOREST_RESIN;SEASHELLS;10008.0;1
1;79300;Charlie;Gina;SQUID_INK;SEASHELLS;1781.0;10
1;79400;Peter;Caesar;VOLCANIC_ROCK;SEASHELLS;10181.0;7
1;79600;Caesar;Paris;DJEMBES;SEASHELLS;13482.0;2
1;79800;Paris;Charlie;MAGNIFICENT_MACARONS;SEASHELLS;638.0;6
1;79800;Caesar;Pablo;VOLCANIC_ROCK;SEASHELLS;10178.0;1
1;79900;Camilla;Gina;KELP;SEASHELLS;2046.0;2
1;79900;Charlie;Gina;KELP;SEASHELLS;2046.0;5
1;79900;Camilla;Gina;SQUID_INK;SEASHELLS;1780.0;2
1;79900;Charlie;Gina;SQUID_INK;SEASHELLS;1780.0;5
1;80000;Camilla;Pablo;VOLCANIC_ROCK_VOUCHER_10000;SEASHELLS;198.0;15
1;80000;Camilla;Pablo;VOLCANIC_ROCK_VOUCHER_10250;SEASHELLS;47.0;15
1;80000;Camilla;Pablo;VOLCANIC_ROCK_VOUCHER_10500;SEASHELLS;6.0;15
1;80000;Camilla;Pablo;VOLCANIC_ROCK_VOUCHER_9500;SEASHELLS;679.0;15
1;80000;Camilla;Pablo;VOLCANIC_ROCK_VOUCHER_9750;SEASHELLS;431.0;15
1;80100;Paris;Camilla;KELP;SEASHELLS;2048.0;1
1;80100;Paris;Camilla;SQUID_INK;SEASHELLS;1782.0;1
1;80200;Camilla;Caesar;VOLCANIC_ROCK_VOUCHER_10000;SEASHELLS;196.0;12
1;80200;Camilla;Caesar;VOLCANIC_ROCK_VOUCHER_10250;SEASHELLS;48.0;12
1;80200;Camilla;Caesar;VOLCANIC_ROCK_VOUCHER_10500;SEASHELLS;6.0;12
1;80200;Camilla;Caesar;VOLCANIC_ROCK_VOUCHER_9500;SEASHELLS;682.0;12
1;80200;Camilla;Caesar;VOLCANIC_ROCK_VOUCHER_9750;SEASHELLS;434.0;12
1;80500;Caesar;Paris;CROISSANTS;SEASHELLS;4261.0;5
1;80500;Camilla;Penelope;RAINFOREST_RESIN;SEASHELLS;9997.0;3
1;80500;Charlie;Penelope;RAINFOREST_RESIN;SEASHELLS;9997.0;4
1;80700;Pablo;Charlie;RAINFOREST_RESIN;SEASHELLS;10002.0;4
1;80700;Charlie;Paris;SQUID_INK;SEASHELLS;1777.0;1
1;80700;Caesar;Caesar;VOLCANIC_ROCK;SEASHELLS;10186.0;8
1;80800;Paris;Caesar;CROISSANTS;SEASHELLS;4263.0;5
1;80900;Caesar;Paris;JAMS;SEASHELLS;6537.0;7
1;80900;Gary;Charlie;KELP;SEASHELLS;2050.0;15
1;80900;Paris;Charlie;KELP;SEASHELLS;2049.0;1
1;80900;Paris;Charlie;RAINFOREST_RESIN;SEASHELLS;10008.0;1
1;80900;Gary;Charlie;SQUID_INK;SEASHELLS;1782.0;15
1;80900;Paris;Charlie;SQUID_INK;SEASHELLS;1781.0;1
1;81200;Charlie;Paris;KELP;SEASHELLS;2047.0;2
1;81200;Charlie;Paris;SQUID_INK;SEASHELLS;1780.0;2
1;81600;Caesar;Paris;CROISSANTS;SEASHELLS;4262.0;8
1;81700;Paris;Caesar;CROISSANTS;SEASHELLS;4263.0;5
1;81700;Paris;Caesar;KELP;SEASHELLS;2049.0;1
1;81700;Paris;Caesar;SQUID_INK;SEASHELLS;1779.0;1
1;81700;Camilla;Caesar;SQUID_INK;SEASHELLS;1778.0;4
1;81700;Penelope;Camilla;VOLCANIC_ROCK_VOUCHER_10000;SEASHELLS;201.0;11
1;81700;Penelope;Caesar;VOLCANIC_ROCK_VOUCHER_10000;SEASHELLS;201.0;1
1;81700;Penelope;Camilla;VOLCANIC_ROCK_VOUCHER_9500;SEASHELLS;683.0;11
1;81700;Penelope;Caesar;VOLCANIC_ROCK_VOUCHER_9500;SEASHELLS;683.0;1
1;81700;Penelope;Camilla;VOLCANIC_ROCK_VOUCHER_9750;SEASHELLS;435.0;11
1;81700;Penelope;Caesar;VOLCANIC_ROCK_VOUCHER_9750;SEASHELLS;435.0;1
1;81800;Paris;Charlie;KELP;SEASHELLS;2050.0;2
1;81800;Paris;Charlie;SQUID_INK;SEASHELLS;1781.0;2
1;81900;Caesar;Camilla;JAMS;SEASHELLS;6536.0;6
1;81900;Paris;Charlie;KELP;SEASHELLS;2050.0;2
1;81900;Pablo;Caesar;PICNIC_BASKET1;SEASHELLS;58894.0;2
1;81900;Pablo;Camilla;PICNIC_BASKET1;SEASHELLS;58894.0;6
1;81900;Paris;Charlie;SQUID_INK;SEASHELLS;1780.0;2
1;82000;Penelope;Charlie;KELP;SEASHELLS;2050.0;13
1;82000;Penelope;Charlie;SQUID_INK;SEASHELLS;1781.0;13
1;82200;Penelope;Charlie;KELP;SEASHELLS;2050.0;4
1;82200;Penelope;Charlie;SQUID_INK;SEASHELLS;1779.0;4
1;82300;Pablo;Charlie;RAINFOREST_RESIN;SEASHELLS;10002.0;3
1;82300;Caesar;Pablo;VOLCANIC_ROCK;SEASHELLS;10185.0;3
1;82500;Charlie;Gary;KELP;SEASHELLS;2047.0;15
1;82500;Caesar;Penelope;PICNIC_BASKET1;SEASHELLS;58897.0;2
1;82500;Camilla;Penelope;PICNIC_BASKET2;SEASHELLS;30073.0;7
1;82500;Charlie;Paris;RAINFOREST_RESIN;SEASHELLS;9992.0;2
1;82500;Charlie;Gary;SQUID_INK;SEASHELLS;1776.0;15
1;82700;Charlie;Paris;KELP;SEASHELLS;2047.0;1
1;82700;Charlie;Paris;SQUID_INK;SEASHELLS;1775.0;1
1;82800;Caesar;Paris;CROISSANTS;SEASHELLS;4263.0;5
1;82800;Caesar;Paris;JAMS;SEASHELLS;6536.0;7
1;82900;Charlie;Paris;KELP;SEASHELLS;2047.0;1
1;82900;Penelope;Pablo;RAINFOREST_RESIN;SEASHELLS;9998.0;3
1;83000;Penelope;Charlie;KELP;SEASHELLS;2050.0;8
1;83000;Penelope;Charlie;SQUID_INK;SEASHELLS;1777.0;8
1;83100;Paris;Caesar;CROISSANTS;SEASHELLS;4264.0;8
1;83200;Paris;Caesar;DJEMBES;SEASHELLS;13485.0;1
1;83500;Caesar;Paris;JAMS;SEASHELLS;6534.0;8
1;83500;Charlie;Paris;KELP;SEASHELLS;2047.0;1
1;83500;Charlie;Paris;SQUID_INK;SEASHELLS;1777.0;1
1;83800;Caesar;Paris;DJEMBES;SEASHELLS;13486.0;4
1;83800;Camilla;Caesar;VOLCANIC_ROCK_VOUCHER_10000;SEASHELLS;204.0;11
1;83800;Camilla;Caesar;VOLCANIC_ROCK_VOUCHER_10250;SEASHELLS;50.0;11
1;83800;Camilla;Caesar;VOLCANIC_ROCK_VOUCHER_10500;SEASHELLS;6.0;11
1;83800;Camilla;Caesar;VOLCANIC_ROCK_VOUCHER_9500;SEASHELLS;687.0;11
1;83800;Camilla;Caesar;VOLCANIC_ROCK_VOUCHER_9750;SEASHELLS;438.0;11
1;83900;Caesar;Paris;JAMS;SEASHELLS;6534.0;5
1;84000;Paris;Charlie;KELP;SEASHELLS;2050.0;2
1;84000;Paris;Charlie;SQUID_INK;SEASHELLS;1779.0;2
1;84100;Pablo;Caesar;PICNIC_BASKET1;SEASHELLS;58883.0;2
1;84100;Pablo;Camilla;PICNIC_BASKET1;SEASHELLS;58883.0;3
1;84100;Pablo;Caesar;PICNIC_BASKET2;SEASHELLS;30070.0;2
1;84100;Pablo;Camilla;PICNIC_BASKET2;SEASHELLS;30070.0;3
1;84200;Paris;Camilla;KELP;SEASHELLS;2050.0;1
1;84200;Paris;Camilla;SQUID_INK;SEASHELLS;1777.0;1
1;84300;Paris;Caesar;DJEMBES;SEASHELLS;13488.0;5
1;84300;Paris;Charlie;KELP;SEASHELLS;2050.0;1
1;84300;Gary;Paris;RAINFOREST_RESIN;SEASHELLS;9999.0;1
1;84300;Paris;Charlie;SQUID_INK;SEASHELLS;1778.0;1
1;84700;Camilla;Paris;KELP;SEASHELLS;2048.0;1
1;84700;Camilla;Paris;SQUID_INK;SEASHELLS;1776.0;1
1;84800;Caesar;Camilla;CROISSANTS;SEASHELLS;4264.0;10
1;84800;Camilla;Pablo;PICNIC_BASKET1;SEASHELLS;58896.0;8
1;84800;Charlie;Pablo;PICNIC_BASKET2;SEASHELLS;30075.0;8
1;85000;Charlie;Pablo;RAINFOREST_RESIN;SEASHELLS;9998.0;4
1;85100;Camilla;Pablo;VOLCANIC_ROCK_VOUCHER_10000;SEASHELLS;199.0;5
1;85100;Camilla;Pablo;VOLCANIC_ROCK_VOUCHER_10250;SEASHELLS;47.0;5
1;85100;Camilla;Pablo;VOLCANIC_ROCK_VOUCHER_10500;SEASHELLS;6.0;5
1;85100;Camilla;Pablo;VOLCANIC_ROCK_VOUCHER_9500;SEASHELLS;680.0;5
1;85100;Camilla;Pablo;VOLCANIC_ROCK_VOUCHER_9750;SEASHELLS;431.0;5
1;85200;Caesar;Paris;JAMS;SEASHELLS;6535.0;9
1;85200;Charlie;Camilla;KELP;SEASHELLS;2049.0;1
1;85300;Paris;Charlie;RAINFOREST_RESIN;SEASHELLS;10008.0;2
1;85400;Paris;Charlie;RAINFOREST_RESIN;SEASHELLS;10001.0;1
1;85400;Camilla;Pablo;VOLCANIC_ROCK_VOUCHER_10000;SEASHELLS;197.0;9
1;85400;Camilla;Pablo;VOLCANIC_ROCK_VOUCHER_10250;SEASHELLS;48.0;9
1;85400;Camilla;Pablo;VOLCANIC_ROCK_VOUCHER_10500;SEASHELLS;6.0;9
1;85400;Camilla;Pablo;VOLCANIC_ROCK_VOUCHER_9500;SEASHELLS;681.0;9
1;85400;Camilla;Pablo;VOLCANIC_ROCK_VOUCHER_9750;SEASHELLS;433.0;9
1;85500;Charlie;Penelope;RAINFOREST_RESIN;SEASHELLS;9992.0;4
1;85500;Charlie;Paris;RAINFOREST_RESIN;SEASHELLS;9992.0;1
1;85500;Caesar;Caesar;VOLCANIC_ROCK;SEASHELLS;10183.0;5
1;85600;Caesar;Paris;CROISSANTS;SEASHELLS;4263.0;8
1;85600;Paris;Caesar;JAMS;SEASHELLS;6537.0;8
1;85800;Camilla;Penelope;KELP;SEASHELLS;2048.0;2
1;85800;Charlie;Penelope;KELP;SEASHELLS;2048.0;4
1;85800;Camilla;Penelope;SQUID_INK;SEASHELLS;1776.0;2
1;85800;Charlie;Penelope;SQUID_INK;SEASHELLS;1776.0;4
1;85900;Pablo;Charlie;RAINFOREST_RESIN;SEASHELLS;10008.0;6
1;86000;Paris;Caesar;JAMS;SEASHELLS;6534.0;4
1;86100;Charlie;Pablo;RAINFOREST_RESIN;SEASHELLS;9998.0;4
1;86400;Paris;Caesar;JAMS;SEASHELLS;6532.0;8
1;86500;Caesar;Paris;JAMS;SEASHELLS;6530.0;4
1;86500;Camilla;Caesar;SQUID_INK;SEASHELLS;1783.0;3
1;86700;Caesar;Paris;JAMS;SEASHELLS;6531.0;5
1;86700;Paris;Charlie;KELP;SEASHELLS;2050.0;1
1;86700;Camilla;Pablo;PICNIC_BASKET1;SEASHELLS;58885.0;2
1;86700;Charlie;Pablo;PICNIC_BASKET2;SEASHELLS;30068.0;2
1;86800;Paris;Caesar;DJEMBES;SEASHELLS;13493.0;1
1;86800;Paris;Charlie;KELP;SEASHELLS;2051.0;1
1;86800;Paris;Charlie;SQUID_INK;SEASHELLS;1785.0;1
1;86900;Caesar;Pablo;KELP;SEASHELLS;2048.0;2
1;86900;Caesar;Pablo;SQUID_INK;SEASHELLS;1782.0;2
1;87000;Caesar;Paris;DJEMBES;SEASHELLS;13489.0;4
1;87000;Charlie;Pablo;KELP;SEASHELLS;2048.0;4
1;87000;Charlie;Pablo;SQUID_INK;SEASHELLS;1781.0;4
1;87000;Caesar;Caesar;VOLCANIC_ROCK;SEASHELLS;10172.0;9
1;87100;Paris;Caesar;DJEMBES;SEASHELLS;13491.0;3
1;87100;Charlie;Pablo;KELP;SEASHELLS;2048.0;3
1;87100;Charlie;Pablo;SQUID_INK;SEASHELLS;1782.0;3
1;87300;Caesar;Camilla;JAMS;SEASHELLS;6533.0;11
1;87300;Caesar;Paris;JAMS;SEASHELLS;6533.0;5
1;87400;Caesar;Paris;JAMS;SEASHELLS;6534.0;7
1;87400;Pablo;Charlie;RAINFOREST_RESIN;SEASHELLS;10008.0;6
1;87700;Pablo;Caesar;PICNIC_BASKET1;SEASHELLS;58910.0;1
1;87700;Pablo;Camilla;PICNIC_BASKET1;SEASHELLS;58910.0;7
1;87700;Penelope;Camilla;PICNIC_BASKET1;SEASHELLS;58911.0;9
1;87700;Penelope;Camilla;PICNIC_BASKET2;SEASHELLS;30084.0;9
1;87800;Caesar;Paris;JAMS;SEASHELLS;6535.0;7
1;87900;Caesar;Paris;KELP;SEASHELLS;2049.0;1
1;87900;Caesar;Paris;SQUID_INK;SEASHELLS;1779.0;1
1;88000;Caesar;Camilla;DJEMBES;SEASHELLS;13494.0;5
1;88000;Paris;Caesar;DJEMBES;SEASHELLS;13496.0;1
1;88000;Caesar;Camilla;JAMS;SEASHELLS;6535.0;3
1;88000;Caesar;Penelope;PICNIC_BASKET1;SEASHELLS;58903.0;1
1;88000;Charlie;Penelope;PICNIC_BASKET2;SEASHELLS;30080.0;6
1;88300;Paris;Caesar;DJEMBES;SEASHELLS;13493.0;1
1;88300;Paris;Charlie;KELP;SEASHELLS;2052.0;2
1;88300;Charlie;Penelope;RAINFOREST_RESIN;SEASHELLS;9992.0;8
1;88300;Paris;Charlie;SQUID_INK;SEASHELLS;1784.0;2
1;88400;Caesar;Paris;RAINFOREST_RESIN;SEASHELLS;9999.0;1
1;88400;Charlie;Camilla;SQUID_INK;SEASHELLS;1783.0;2
1;88500;Caesar;Camilla;CROISSANTS;SEASHELLS;4266.0;8
1;88500;Caesar;Paris;MAGNIFICENT_MACARONS;SEASHELLS;619.0;4
1;88600;Caesar;Camilla;JAMS;SEASHELLS;6536.0;3
1;88600;Paris;Charlie;KELP;SEASHELLS;2051.0;1
1;88600;Paris;Charlie;SQUID_INK;SEASHELLS;1784.0;1
1;88700;Camilla;Caesar;VOLCANIC_ROCK_VOUCHER_10000;SEASHELLS;197.0;12
1;88700;Camilla;Caesar;VOLCANIC_ROCK_VOUCHER_10250;SEASHELLS;46.0;12
1;88700;Camilla;Caesar;VOLCANIC_ROCK_VOUCHER_10500;SEASHELLS;5.0;12
1;88700;Camilla;Caesar;VOLCANIC_ROCK_VOUCHER_9750;SEASHELLS;429.0;12
1;88900;Charlie;Gary;KELP;SEASHELLS;2049.0;14
1;88900;Charlie;Gary;SQUID_INK;SEASHELLS;1783.0;14
1;89100;Paris;Caesar;JAMS;SEASHELLS;6537.0;6
1;89100;Charlie;Paris;RAINFOREST_RESIN;SEASHELLS;9999.0;1
1;89200;Paris;Charlie;RAINFOREST_RESIN;SEASHELLS;10001.0;1
1;89400;Caesar;Paris;DJEMBES;SEASHELLS;13490.0;3
1;89400;Penelope;Charlie;RAINFOREST_RESIN;SEASHELLS;10008.0;6
1;89500;Paris;Caesar;CROISSANTS;SEASHELLS;4268.0;7
1;89500;Penelope;Charlie;RAINFOREST_RESIN;SEASHELLS;10008.0;5
1;89600;Caesar;Caesar;VOLCANIC_ROCK;SEASHELLS;10181.0;6
1;89800;Caesar;Camilla;CROISSANTS;SEASHELLS;4266.0;10
1;89800;Pablo;Paris;KELP;SEASHELLS;2050.0;2
1;89800;Pablo;Paris;SQUID_INK;SEASHELLS;1787.0;2
1;89900;Paris;Caesar;DJEMBES;SEASHELLS;13491.0;3
1;89900;Caesar;Paris;JAMS;SEASHELLS;6534.0;4
1;89900;Penelope;Charlie;PICNIC_BASKET1;SEASHELLS;58887.0;10
1;89900;Penelope;Charlie;PICNIC_BASKET2;SEASHELLS;30113.0;10
1;89900;Penelope;Camilla;VOLCANIC_ROCK_VOUCHER_10000;SEASHELLS;205.0;14
1;89900;Penelope;Camilla;VOLCANIC_ROCK_VOUCHER_10250;SEASHELLS;48.0;14
1;89900;Penelope;Camilla;VOLCANIC_ROCK_VOUCHER_9500;SEASHELLS;682.0;14
1;89900;Penelope;Camilla;VOLCANIC_ROCK_VOUCHER_9750;SEASHELLS;433.0;14
1;90300;Caesar;Paris;DJEMBES;SEASHELLS;13492.0;2
1;90400;Caesar;Peter;VOLCANIC_ROCK;SEASHELLS;10175.0;6
1;90400;Camilla;Pablo;VOLCANIC_ROCK_VOUCHER_10000;SEASHELLS;194.0;10
1;90400;Camilla;Pablo;VOLCANIC_ROCK_VOUCHER_10250;SEASHELLS;46.0;10
1;90400;Camilla;Pablo;VOLCANIC_ROCK_VOUCHER_10500;SEASHELLS;5.0;10
1;90400;Camilla;Pablo;VOLCANIC_ROCK_VOUCHER_9500;SEASHELLS;676.0;10
1;90400;Camilla;Pablo;VOLCANIC_ROCK_VOUCHER_9750;SEASHELLS;427.0;10
1;90500;Caesar;Camilla;JAMS;SEASHELLS;6532.0;7
1;90600;Charlie;Gina;KELP;SEASHELLS;2048.0;8
1;90700;Caesar;Paris;DJEMBES;SEASHELLS;13488.0;2
1;90700;Caesar;Camilla;JAMS;SEASHELLS;6532.0;4
1;90700;Caesar;Pablo;PICNIC_BASKET1;SEASHELLS;58874.0;2
1;90700;Camilla;Pablo;PICNIC_BASKET1;SEASHELLS;58874.0;6
1;90700;Camilla;Pablo;PICNIC_BASKET2;SEASHELLS;30103.0;8
1;90700;Charlie;Pablo;RAINFOREST_RESIN;SEASHELLS;9992.0;6
1;90700;Penelope;Camilla;VOLCANIC_ROCK_VOUCHER_10000;SEASHELLS;194.0;12
1;90700;Penelope;Caesar;VOLCANIC_ROCK_VOUCHER_10000;SEASHELLS;194.0;2
1;90700;Penelope;Camilla;VOLCANIC_ROCK_VOUCHER_10250;SEASHELLS;46.0;12
1;90700;Penelope;Caesar;VOLCANIC_ROCK_VOUCHER_10250;SEASHELLS;46.0;2
1;90700;Penelope;Camilla;VOLCANIC_ROCK_VOUCHER_9500;SEASHELLS;676.0;12
1;90700;Penelope;Caesar;VOLCANIC_ROCK_VOUCHER_9500;SEASHELLS;676.0;2
1;90700;Penelope;Camilla;VOLCANIC_ROCK_VOUCHER_9750;SEASHELLS;428.0;12
1;90700;Penelope;Caesar;VOLCANIC_ROCK_VOUCHER_9750;SEASHELLS;428.0;2
1;90800;Charlie;Paris;KELP;SEASHELLS;2048.0;1
1;90800;Paris;Charlie;KELP;SEASHELLS;2051.0;1
1;90800;Penelope;Charlie;RAINFOREST_RESIN;SEASHELLS;10008.0;8
1;90800;Charlie;Paris;SQUID_INK;SEASHELLS;1788.0;1
1;90800;Paris;Charlie;SQUID_INK;SEASHELLS;1791.0;1
1;90800;Caesar;Caesar;VOLCANIC_ROCK;SEASHELLS;10174.0;9
1;91000;Charlie;Penelope;RAINFOREST_RESIN;SEASHELLS;9992.0;7
1;91100;Paris;Charlie;RAINFOREST_RESIN;SEASHELLS;10008.0;1
1;91200;Paris;Camilla;JAMS;SEASHELLS;6533.0;8
1;91200;Charlie;Paris;KELP;SEASHELLS;2048.0;2
1;91200;Charlie;Pablo;KELP;SEASHELLS;2049.0;3
1;91200;Charlie;Pablo;SQUID_INK;SEASHELLS;1789.0;3
1;91200;Charlie;Paris;SQUID_INK;SEASHELLS;1789.0;2
1;91300;Paris;Charlie;KELP;SEASHELLS;2050.0;1
1;91300;Paris;Charlie;MAGNIFICENT_MACARONS;SEASHELLS;623.0;7
1;91300;Penelope;Caesar;PICNIC_BASKET1;SEASHELLS;58891.0;1
1;91300;Penelope;Caesar;PICNIC_BASKET2;SEASHELLS;30106.0;1
1;91300;Paris;Charlie;SQUID_INK;SEASHELLS;1791.0;1
1;91500;Charlie;Penelope;KELP;SEASHELLS;2048.0;13
1;91500;Charlie;Penelope;SQUID_INK;SEASHELLS;1790.0;13
1;91600;Paris;Caesar;JAMS;SEASHELLS;6538.0;7
1;91700;Paris;Caesar;DJEMBES;SEASHELLS;13492.0;4
1;91700;Caesar;Pablo;VOLCANIC_ROCK;SEASHELLS;10176.0;2
1;91800;Caesar;Paris;CROISSANTS;SEASHELLS;4265.0;6
1;91800;Caesar;Pablo;PICNIC_BASKET1;SEASHELLS;58890.0;2
1;91800;Camilla;Pablo;PICNIC_BASKET1;SEASHELLS;58889.0;1
1;91800;Caesar;Pablo;PICNIC_BASKET2;SEASHELLS;30102.0;2
1;91800;Charlie;Pablo;PICNIC_BASKET2;SEASHELLS;30101.0;1
1;91900;Paris;Caesar;JAMS;SEASHELLS;6538.0;6
1;91900;Pablo;Charlie;RAINFOREST_RESIN;SEASHELLS;10008.0;5
1;92000;Penelope;Camilla;VOLCANIC_ROCK_VOUCHER_10000;SEASHELLS;198.0;15
1;92000;Penelope;Camilla;VOLCANIC_ROCK_VOUCHER_9500;SEASHELLS;677.0;15
1;92000;Penelope;Camilla;VOLCANIC_ROCK_VOUCHER_9750;SEASHELLS;429.0;15
1;92100;Charlie;Penelope;PICNIC_BASKET1;SEASHELLS;58900.0;8
1;92100;Charlie;Penelope;PICNIC_BASKET2;SEASHELLS;30106.0;8
1;92100;Charlie;Paris;RAINFOREST_RESIN;SEASHELLS;9992.0;1
1;92400;Caesar;Paris;JAMS;SEASHELLS;6536.0;7
1;92400;Camilla;Caesar;VOLCANIC_ROCK_VOUCHER_10000;SEASHELLS;204.0;11
1;92400;Camilla;Caesar;VOLCANIC_ROCK_VOUCHER_10250;SEASHELLS;49.0;11
1;92400;Camilla;Caesar;VOLCANIC_ROCK_VOUCHER_10500;SEASHELLS;6.0;11
1;92400;Camilla;Caesar;VOLCANIC_ROCK_VOUCHER_9500;SEASHELLS;685.0;11
1;92400;Camilla;Caesar;VOLCANIC_ROCK_VOUCHER_9750;SEASHELLS;437.0;11
1;92500;Paris;Caesar;DJEMBES;SEASHELLS;13496.0;1
1;92500;Charlie;Gary;KELP;SEASHELLS;2048.0;15
1;92500;Charlie;Gary;SQUID_INK;SEASHELLS;1792.0;15
1;92600;Charlie;Caesar;SQUID_INK;SEASHELLS;1793.0;2
1;92600;Caesar;Caesar;VOLCANIC_ROCK;SEASHELLS;10192.0;9
1;92900;Caesar;Pablo;VOLCANIC_ROCK;SEASHELLS;10188.0;3
1;92900;Camilla;Caesar;VOLCANIC_ROCK_VOUCHER_10000;SEASHELLS;204.0;16
1;92900;Camilla;Caesar;VOLCANIC_ROCK_VOUCHER_10250;SEASHELLS;50.0;16
1;92900;Camilla;Caesar;VOLCANIC_ROCK_VOUCHER_10500;SEASHELLS;6.0;16
1;92900;Camilla;Caesar;VOLCANIC_ROCK_VOUCHER_9500;SEASHELLS;689.0;16
1;92900;Camilla;Caesar;VOLCANIC_ROCK_VOUCHER_9750;SEASHELLS;440.0;16
1;93000;Caesar;Paris;KELP;SEASHELLS;2049.0;1
1;93000;Caesar;Paris;SQUID_INK;SEASHELLS;1794.0;1
1;93300;Penelope;Camilla;KELP;SEASHELLS;2051.0;5
1;93300;Penelope;Camilla;SQUID_INK;SEASHELLS;1796.0;5
1;93500;Penelope;Caesar;PICNIC_BASKET1;SEASHELLS;58930.0;2
1;93500;Penelope;Camilla;PICNIC_BASKET2;SEASHELLS;30120.0;8
1;93600;Paris;Caesar;DJEMBES;SEASHELLS;13496.0;4
1;93600;Charlie;Pablo;KELP;SEASHELLS;2049.0;3
1;93600;Charlie;Pablo;SQUID_INK;SEASHELLS;1794.0;3
1;93700;Charlie;Paris;RAINFOREST_RESIN;SEASHELLS;9999.0;1
1;93800;Penelope;Pablo;RAINFOREST_RESIN;SEASHELLS;9998.0;5
1;93900;Caesar;Camilla;CROISSANTS;SEASHELLS;4267.0;8
1;93900;Caesar;Camilla;JAMS;SEASHELLS;6538.0;10
1;93900;Charlie;Paris;RAINFOREST_RESIN;SEASHELLS;9992.0;2
1;94000;Camilla;Caesar;VOLCANIC_ROCK_VOUCHER_10000;SEASHELLS;201.0;15
1;94000;Caesar;Caesar;VOLCANIC_ROCK_VOUCHER_10000;SEASHELLS;201.0;2
1;94000;Camilla;Caesar;VOLCANIC_ROCK_VOUCHER_10250;SEASHELLS;48.0;15
1;94000;Caesar;Caesar;VOLCANIC_ROCK_VOUCHER_10250;SEASHELLS;48.0;2
1;94000;Camilla;Caesar;VOLCANIC_ROCK_VOUCHER_10500;SEASHELLS;6.0;15
1;94000;Caesar;Caesar;VOLCANIC_ROCK_VOUCHER_10500;SEASHELLS;6.0;2
1;94000;Camilla;Caesar;VOLCANIC_ROCK_VOUCHER_9750;SEASHELLS;434.0;15
1;94000;Caesar;Caesar;VOLCANIC_ROCK_VOUCHER_9750;SEASHELLS;434.0;2
1;94100;Paris;Caesar;JAMS;SEASHELLS;6539.0;9
1;94200;Paris;Charlie;KELP;SEASHELLS;2051.0;1
1;94200;Paris;Charlie;SQUID_INK;SEASHELLS;1796.0;1
1;94300;Penelope;Camilla;KELP;SEASHELLS;2050.0;1
1;94300;Penelope;Camilla;SQUID_INK;SEASHELLS;1795.0;1
1;94500;Paris;Charlie;KELP;SEASHELLS;2052.0;2
1;94500;Paris;Charlie;SQUID_INK;SEASHELLS;1797.0;2
1;94600;Caesar;Paris;JAMS;SEASHELLS;6537.0;6
1;94600;Paris;Paris;KELP;SEASHELLS;2051.0;1
1;94600;Paris;Paris;SQUID_INK;SEASHELLS;1796.0;1
1;94800;Caesar;Paris;KELP;SEASHELLS;2049.0;1
1;94800;Charlie;Paris;SQUID_INK;SEASHELLS;1795.0;1
1;95000;Paris;Charlie;RAINFOREST_RESIN;SEASHELLS;10001.0;1
1;95400;Paris;Charlie;KELP;SEASHELLS;2051.0;1
1;95400;Paris;Charlie;SQUID_INK;SEASHELLS;1798.0;1
1;95500;Paris;Caesar;JAMS;SEASHELLS;6538.0;8
1;95500;Camilla;Pablo;PICNIC_BASKET1;SEASHELLS;58914.0;5
1;95500;Charlie;Pablo;PICNIC_BASKET2;SEASHELLS;30101.0;5
1;95600;Paris;Caesar;JAMS;SEASHELLS;6538.0;4
1;95800;Caesar;Paris;JAMS;SEASHELLS;6536.0;7
1;95900;Charlie;Penelope;RAINFOREST_RESIN;SEASHELLS;9992.0;8
1;95900;Camilla;Caesar;VOLCANIC_ROCK_VOUCHER_10000;SEASHELLS;195.0;15
1;95900;Camilla;Caesar;VOLCANIC_ROCK_VOUCHER_10250;SEASHELLS;46.0;15
1;95900;Camilla;Caesar;VOLCANIC_ROCK_VOUCHER_10500;SEASHELLS;5.0;15
1;95900;Camilla;Caesar;VOLCANIC_ROCK_VOUCHER_9500;SEASHELLS;677.0;15
1;95900;Camilla;Caesar;VOLCANIC_ROCK_VOUCHER_9750;SEASHELLS;429.0;15
1;96300;Caesar;Camilla;CROISSANTS;SEASHELLS;4266.0;4
1;96400;Paris;Caesar;JAMS;SEASHELLS;6540.0;5
1;96500;Charlie;Pablo;RAINFOREST_RESIN;SEASHELLS;9998.0;4
1;96600;Camilla;Camilla;MAGNIFICENT_MACARONS;SEASHELLS;596.0;3
1;96700;Caesar;Camilla;CROISSANTS;SEASHELLS;4266.0;10
1;97000;Penelope;Charlie;RAINFOREST_RESIN;SEASHELLS;10008.0;8
1;97200;Paris;Caesar;DJEMBES;SEASHELLS;13489.0;5
1;97300;Camilla;Paris;KELP;SEASHELLS;2049.0;1
1;97300;Camilla;Paris;SQUID_INK;SEASHELLS;1788.0;1
1;97400;Caesar;Paris;JAMS;SEASHELLS;6537.0;9
1;97400;Charlie;Paris;KELP;SEASHELLS;2049.0;1
1;97400;Charlie;Penelope;KELP;SEASHELLS;2049.0;5
1;97400;Charlie;Paris;SQUID_INK;SEASHELLS;1789.0;1
1;97400;Charlie;Penelope;SQUID_INK;SEASHELLS;1789.0;5
1;97500;Paris;Caesar;DJEMBES;SEASHELLS;13487.0;2
1;97500;Camilla;Penelope;PICNIC_BASKET1;SEASHELLS;58902.0;5
1;97500;Charlie;Penelope;PICNIC_BASKET2;SEASHELLS;30086.0;5
1;97600;Caesar;Pablo;PICNIC_BASKET1;SEASHELLS;58901.0;1
1;97600;Camilla;Pablo;PICNIC_BASKET1;SEASHELLS;58900.0;3
1;97600;Camilla;Pablo;PICNIC_BASKET2;SEASHELLS;30090.0;4
1;97700;Pablo;Caesar;RAINFOREST_RESIN;SEASHELLS;10002.0;3
1;97800;Caesar;Paris;DJEMBES;SEASHELLS;13485.0;1
1;97900;Caesar;Penelope;PICNIC_BASKET1;SEASHELLS;58911.0;2
1;97900;Charlie;Penelope;PICNIC_BASKET2;SEASHELLS;30102.0;9
1;98000;Caesar;Paris;JAMS;SEASHELLS;6541.0;9
1;98000;Caesar;Pablo;VOLCANIC_ROCK;SEASHELLS;10167.0;1
1;98100;Paris;Caesar;CROISSANTS;SEASHELLS;4266.0;5
1;98100;Charlie;Paris;RAINFOREST_RESIN;SEASHELLS;9992.0;1
1;98100;Caesar;Paris;RAINFOREST_RESIN;SEASHELLS;9999.0;1
1;98200;Caesar;Caesar;VOLCANIC_ROCK;SEASHELLS;10165.0;5
1;98300;Caesar;Pablo;PICNIC_BASKET1;SEASHELLS;58910.0;1
1;98300;Camilla;Pablo;PICNIC_BASKET1;SEASHELLS;58909.0;1
1;98300;Camilla;Penelope;PICNIC_BASKET1;SEASHELLS;58909.0;10
1;98300;Charlie;Pablo;PICNIC_BASKET2;SEASHELLS;30105.0;2
1;98300;Charlie;Penelope;PICNIC_BASKET2;SEASHELLS;30105.0;10
1;98400;Charlie;Paris;RAINFOREST_RESIN;SEASHELLS;9992.0;1
1;98800;Charlie;Paris;KELP;SEASHELLS;2049.0;1
1;99000;Charlie;Paris;KELP;SEASHELLS;2049.0;1
1;99000;Camilla;Camilla;MAGNIFICENT_MACARONS;SEASHELLS;595.0;3
1;99000;Charlie;Paris;SQUID_INK;SEASHELLS;1787.0;1
1;99100;Caesar;Paris;DJEMBES;SEASHELLS;13480.0;1
1;99200;Paris;Caesar;JAMS;SEASHELLS;6547.0;5
1;99300;Caesar;Camilla;JAMS;SEASHELLS;6545.0;4
1;99300;Paris;Camilla;KELP;SEASHELLS;2051.0;2
1;99300;Caesar;Camilla;SQUID_INK;SEASHELLS;1788.0;2
1;99300;Paris;Camilla;SQUID_INK;SEASHELLS;1788.0;1
1;99400;Paris;Caesar;CROISSANTS;SEASHELLS;4265.0;8
1;99500;Gary;Charlie;KELP;SEASHELLS;2052.0;15
1;99500;Gary;Caesar;SQUID_INK;SEASHELLS;1788.0;2
1;99600;Pablo;Caesar;RAINFOREST_RESIN;SEASHELLS;10002.0;4
1;99900;Caesar;Pablo;VOLCANIC_ROCK;SEASHELLS;10155.0;2
1;100000;Paris;Charlie;MAGNIFICENT_MACARONS;SEASHELLS;593.0;5
1;100100;Paris;Charlie;MAGNIFICENT_MACARONS;SEASHELLS;596.0;7
1;100600;Paris;Caesar;KELP;SEASHELLS;2052.0;1
1;100600;Paris;Charlie;SQUID_INK;SEASHELLS;1787.0;1
1;100800;Caesar;Paris;DJEMBES;SEASHELLS;13476.0;2
1;100800;Camilla;Gary;RAINFOREST_RESIN;SEASHELLS;9997.0;5
1;100800;Charlie;Gary;RAINFOREST_RESIN;SEASHELLS;9997.0;4
1;100900;Paris;Camilla;KELP;SEASHELLS;2051.0;1
1;100900;Charlie;Penelope;KELP;SEASHELLS;2049.0;5
1;100900;Charlie;Penelope;RAINFOREST_RESIN;SEASHELLS;9992.0;8
1;100900;Paris;Camilla;SQUID_INK;SEASHELLS;1786.0;1
1;100900;Charlie;Penelope;SQUID_INK;SEASHELLS;1784.0;5
1;101100;Paris;Charlie;MAGNIFICENT_MACARONS;SEASHELLS;588.0;5
1;101200;Paris;Caesar;DJEMBES;SEASHELLS;13474.0;2
1;101200;Caesar;Peter;VOLCANIC_ROCK;SEASHELLS;10155.0;9
1;101300;Caesar;Paris;JAMS;SEASHELLS;6541.0;5
1;101300;Camilla;Caesar;VOLCANIC_ROCK_VOUCHER_10000;SEASHELLS;176.0;17
1;101300;Camilla;Caesar;VOLCANIC_ROCK_VOUCHER_10250;SEASHELLS;39.0;17
1;101300;Camilla;Caesar;VOLCANIC_ROCK_VOUCHER_10500;SEASHELLS;4.0;17
1;101300;Camilla;Caesar;VOLCANIC_ROCK_VOUCHER_9500;SEASHELLS;656.0;17
1;101300;Camilla;Caesar;VOLCANIC_ROCK_VOUCHER_9750;SEASHELLS;407.0;17
1;101700;Charlie;Paris;KELP;SEASHELLS;2049.0;1
1;101700;Charlie;Paris;SQUID_INK;SEASHELLS;1782.0;1
1;101800;Charlie;Paris;KELP;SEASHELLS;2049.0;2
1;101800;Charlie;Paris;SQUID_INK;SEASHELLS;1783.0;2
1;101900;Charlie;Paris;KELP;SEASHELLS;2050.0;1
1;101900;Charlie;Paris;SQUID_INK;SEASHELLS;1782.0;1
1;102000;Camilla;Caesar;VOLCANIC_ROCK_VOUCHER_10000;SEASHELLS;179.0;13
1;102000;Camilla;Caesar;VOLCANIC_ROCK_VOUCHER_10250;SEASHELLS;39.0;13
1;102000;Camilla;Caesar;VOLCANIC_ROCK_VOUCHER_10500;SEASHELLS;4.0;13
1;102000;Camilla;Caesar;VOLCANIC_ROCK_VOUCHER_9500;SEASHELLS;656.0;13
1;102000;Camilla;Caesar;VOLCANIC_ROCK_VOUCHER_9750;SEASHELLS;408.0;13
1;102100;Charlie;Pablo;KELP;SEASHELLS;2050.0;5
1;102100;Charlie;Pablo;SQUID_INK;SEASHELLS;1781.0;5
1;102100;Caesar;Caesar;VOLCANIC_ROCK;SEASHELLS;10154.0;6
1;102100;Camilla;Pablo;VOLCANIC_ROCK_VOUCHER_10000;SEASHELLS;174.0;8
1;102100;Camilla;Pablo;VOLCANIC_ROCK_VOUCHER_10250;SEASHELLS;39.0;8
1;102100;Camilla;Pablo;VOLCANIC_ROCK_VOUCHER_10500;SEASHELLS;4.0;8
1;102100;Camilla;Pablo;VOLCANIC_ROCK_VOUCHER_9500;SEASHELLS;654.0;8
1;102100;Camilla;Pablo;VOLCANIC_ROCK_VOUCHER_9750;SEASHELLS;406.0;8
1;102300;Paris;Caesar;CROISSANTS;SEASHELLS;4263.0;7
1;102400;Charlie;Paris;KELP;SEASHELLS;2050.0;1
1;102400;Charlie;Caesar;KELP;SEASHELLS;2051.0;2
1;102400;Charlie;Olivia;KELP;SEASHELLS;2050.0;15
1;102400;Charlie;Paris;SQUID_INK;SEASHELLS;1778.0;1
1;102400;Charlie;Caesar;SQUID_INK;SEASHELLS;1779.0;2
1;102500;Charlie;Paris;RAINFOREST_RESIN;SEASHELLS;9992.0;2
1;102600;Penelope;Charlie;KELP;SEASHELLS;2053.0;15
1;102600;Penelope;Charlie;SQUID_INK;SEASHELLS;1781.0;15
1;102600;Camilla;Caesar;VOLCANIC_ROCK_VOUCHER_10000;SEASHELLS;175.0;19
1;102600;Camilla;Caesar;VOLCANIC_ROCK_VOUCHER_10250;SEASHELLS;37.0;19
1;102600;Camilla;Caesar;VOLCANIC_ROCK_VOUCHER_10500;SEASHELLS;4.0;19
1;102600;Camilla;Caesar;VOLCANIC_ROCK_VOUCHER_9500;SEASHELLS;649.0;19
1;102600;Camilla;Caesar;VOLCANIC_ROCK_VOUCHER_9750;SEASHELLS;401.0;19
1;102700;Caesar;Paris;MAGNIFICENT_MACARONS;SEASHELLS;568.0;6
1;102900;Caesar;Paris;CROISSANTS;SEASHELLS;4262.0;7
1;103100;Caesar;Paris;JAMS;SEASHELLS;6545.0;5
1;103100;Charlie;Pablo;KELP;SEASHELLS;2050.0;5
1;103100;Charlie;Pablo;SQUID_INK;SEASHELLS;1784.0;5
1;103200;Paris;Charlie;KELP;SEASHELLS;2052.0;1
1;103200;Paris;Caesar;SQUID_INK;SEASHELLS;1786.0;1
1;103300;Paris;Charlie;RAINFOREST_RESIN;SEASHELLS;10008.0;2
1;103400;Caesar;Paris;DJEMBES;SEASHELLS;13473.0;1
1;103500;Paris;Caesar;DJEMBES;SEASHELLS;13474.0;5
1;103600;Caesar;Paris;CROISSANTS;SEASHELLS;4262.0;5
1;103600;Caesar;Caesar;VOLCANIC_ROCK;SEASHELLS;10155.0;9
1;103800;Paris;Gary;KELP;SEASHELLS;2051.0;1
1;103800;Paris;Gary;SQUID_INK;SEASHELLS;1788.0;1
1;103900;Camilla;Penelope;RAINFOREST_RESIN;SEASHELLS;9997.0;2
1;103900;Charlie;Penelope;RAINFOREST_RESIN;SEASHELLS;9997.0;5
1;104000;Camilla;Pablo;VOLCANIC_ROCK_VOUCHER_10000;SEASHELLS;177.0;5
1;104000;Camilla;Pablo;VOLCANIC_ROCK_VOUCHER_10250;SEASHELLS;40.0;5
1;104000;Camilla;Pablo;VOLCANIC_ROCK_VOUCHER_10500;SEASHELLS;5.0;5
1;104000;Camilla;Pablo;VOLCANIC_ROCK_VOUCHER_9500;SEASHELLS;657.0;5
1;104000;Camilla;Pablo;VOLCANIC_ROCK_VOUCHER_9750;SEASHELLS;410.0;5
1;104200;Camilla;Caesar;VOLCANIC_ROCK_VOUCHER_10000;SEASHELLS;176.0;16
1;104200;Caesar;Caesar;VOLCANIC_ROCK_VOUCHER_10000;SEASHELLS;176.0;2
1;104200;Camilla;Caesar;VOLCANIC_ROCK_VOUCHER_10250;SEASHELLS;39.0;16
