day;timestamp;product;bid_price_1;bid_volume_1;bid_price_2;bid_volume_2;bid_price_3;bid_volume_3;ask_price_1;ask_volume_1;ask_price_2;ask_volume_2;ask_price_3;ask_volume_3;mid_price;profit_and_loss
4;0;SQUID_INK;1928;22;;;;;1931;2;1932;20;;;1929.5;0.0
4;0;CROISSANTS;4296;129;;;;;4297;37;4298;92;;;4296.5;0.0
4;0;JAMS;6446;92;6445;107;;;6447;92;6448;107;;;6446.5;0.0
4;0;VOLCANIC_ROCK_VOUCHER_10000;34;21;;;;;35;21;;;;;34.5;0.0
4;0;KELP;2036;22;;;;;2040;22;;;;;2038.0;0.0
4;0;VOLCANIC_ROCK_VOUCHER_10250;2;21;;;;;3;21;;;;;2.5;0.0
4;0;DJEMBES;13372;24;13371;39;;;13373;63;;;;;13372.5;0.0
4;0;VOLCANIC_ROCK_VOUCHER_10500;0;21;;;;;2;21;;;;;1.0;0.0
4;0;VOLCANIC_ROCK_VOUCHER_9750;186;21;;;;;187;21;;;;;186.5;0.0
4;0;PICNIC_BASKET1;58330;2;58329;19;58328;24;58339;2;58340;19;58341;24;58334.5;0.0
4;0;PICNIC_BASKET2;30129;21;30128;24;;;30134;2;30135;43;;;30131.5;0.0
4;0;VOLCANIC_ROCK_VOUCHER_9500;421;21;;;;;422;21;;;;;421.5;0.0
4;0;RAINFOREST_RESIN;9992;35;;;;;10008;35;;;;;10000.0;0.0
4;0;MAGNIFICENT_MACARONS;795;12;793;19;787;20;803;6;812;20;818;19;799.0;0.0
4;0;VOLCANIC_ROCK;9920;133;9919;47;;;9922;180;;;;;9921.0;0.0
4;100;VOLCANIC_ROCK_VOUCHER_9500;420;19;;;;;421;19;;;;;420.5;0.0
4;100;RAINFOREST_RESIN;9992;30;;;;;10008;30;;;;;10000.0;0.0
4;100;VOLCANIC_ROCK_VOUCHER_10250;2;19;;;;;3;19;;;;;2.5;0.0
4;100;SQUID_INK;1924;1;1923;27;;;1925;5;1927;28;;;1924.5;0.0
4;100;VOLCANIC_ROCK;9919;109;9918;57;;;9920;109;9921;57;;;9919.5;0.0
4;100;VOLCANIC_ROCK_VOUCHER_10500;0;19;;;;;2;19;;;;;1.0;0.0
4;100;CROISSANTS;4296;104;;;;;4297;46;4298;58;;;4296.5;0.0
4;100;MAGNIFICENT_MACARONS;789;12;786;18;780;27;797;6;805;27;811;18;793.0;9540.0
4;100;VOLCANIC_ROCK_VOUCHER_10000;32;19;;;;;33;19;;;;;32.5;0.0
4;100;JAMS;6445;231;;;;;6447;231;;;;;6446.0;-10.15625
4;100;DJEMBES;13373;53;;;;;13374;53;;;;;13373.5;22.3125
4;100;KELP;2036;28;;;;;2037;5;2040;28;;;2036.5;0.0
4;100;VOLCANIC_ROCK_VOUCHER_9750;184;19;;;;;185;19;;;;;184.5;0.0
4;100;PICNIC_BASKET1;58333;7;58329;1;58328;18;58338;1;58339;18;58340;20;58335.5;-329.5
4;100;PICNIC_BASKET2;30131;7;30129;1;30128;38;30134;19;30135;20;;;30132.5;0.0
4;200;MAGNIFICENT_MACARONS;787;12;784;15;778;22;795;6;803;22;809;15;791.0;59247.0
4;200;DJEMBES;13372;58;;;;;13373;58;;;;;13372.5;-20.6875
4;200;VOLCANIC_ROCK_VOUCHER_10500;0;17;;;;;2;17;;;;;1.0;0.0
4;200;VOLCANIC_ROCK_VOUCHER_9750;183;17;;;;;184;17;;;;;183.5;0.0
4;200;PICNIC_BASKET1;58334;1;58325;2;58324;15;58335;15;58336;15;;;58334.5;-626.5
4;200;CROISSANTS;4296;146;;;;;4297;146;;;;;4296.5;0.0
4;200;PICNIC_BASKET2;30133;3;30129;2;30128;30;30134;17;30135;15;;;30133.5;0.0
4;200;VOLCANIC_ROCK_VOUCHER_9500;420;17;;;;;421;17;;;;;420.5;0.0
4;200;SQUID_INK;1927;24;;;;;1930;24;;;;;1928.5;0.0
4;200;VOLCANIC_ROCK_VOUCHER_10000;34;17;;;;;35;17;;;;;34.5;0.0
4;200;JAMS;6445;290;;;;;6447;290;;;;;6446.0;-14.9375
4;200;KELP;2036;24;;;;;2040;24;;;;;2038.0;4.5771484375
4;200;VOLCANIC_ROCK;9919;104;9918;69;;;9920;104;9921;69;;;9919.5;0.0
4;200;RAINFOREST_RESIN;9992;27;;;;;10008;27;;;;;10000.0;0.0
4;200;VOLCANIC_ROCK_VOUCHER_10250;2;17;;;;;3;17;;;;;2.5;0.0
4;300;VOLCANIC_ROCK_VOUCHER_10250;2;28;;;;;3;18;;;;;2.5;0.0
4;300;SQUID_INK;1926;30;;;;;1929;30;;;;;1927.5;0.0
4;300;VOLCANIC_ROCK;9918;145;9917;67;;;9920;212;;;;;9919.0;0.0
4;300;VOLCANIC_ROCK_VOUCHER_10500;1;10;0;18;;;2;18;;;;;1.5;0.0
4;300;RAINFOREST_RESIN;9992;31;;;;;10008;31;;;;;10000.0;49.0
4;300;VOLCANIC_ROCK_VOUCHER_10000;33;28;;;;;34;18;;;;;33.5;0.0
4;300;JAMS;6446;60;6445;145;;;6447;60;6448;145;;;6446.5;-19.9375
4;300;DJEMBES;13372;51;;;;;13374;51;;;;;13373.0;-6.125
4;300;KELP;2036;30;;;;;2039;2;2040;28;;;2037.5;6.3701171875
4;300;VOLCANIC_ROCK_VOUCHER_9750;182;28;;;;;183;18;;;;;182.5;0.0
4;300;PICNIC_BASKET1;58338;3;58334;2;58333;31;58343;2;58344;16;58345;15;58340.5;-72.75
4;300;PICNIC_BASKET2;30126;3;30124;2;30123;31;30129;2;30130;31;;;30127.5;0.0
4;300;VOLCANIC_ROCK_VOUCHER_9500;419;28;;;;;421;18;;;;;420.0;0.0
4;300;MAGNIFICENT_MACARONS;785;12;782;16;776;28;793;6;801;28;807;16;789.0;59247.0
4;300;CROISSANTS;4296;56;4295;60;;;4297;108;;;;;4296.5;0.0
4;400;VOLCANIC_ROCK_VOUCHER_9750;183;10;;;;;184;10;;;;;183.5;0.0
4;400;PICNIC_BASKET1;58330;10;58329;24;;;58341;10;58342;24;;;58335.5;-275.75
4;400;PICNIC_BASKET2;30123;10;30122;24;;;30129;34;;;;;30126.0;0.0
4;400;VOLCANIC_ROCK_VOUCHER_9500;418;10;;;;;419;10;;;;;418.5;0.0
4;400;RAINFOREST_RESIN;9992;27;;;;;10008;27;;;;;10000.0;49.0
4;400;MAGNIFICENT_MACARONS;780;14;778;10;772;20;788;7;797;20;803;10;784.0;59247.0
4;400;SQUID_INK;1927;20;;;;;1930;20;;;;;1928.5;0.0
4;400;VOLCANIC_ROCK_VOUCHER_10000;30;10;;;;;31;10;;;;;30.5;0.0
4;400;CROISSANTS;4295;115;;;;;4297;115;;;;;4296.0;0.0
4;400;JAMS;6446;80;6445;195;;;6447;80;6448;195;;;6446.5;-48.1875
4;400;KELP;2036;20;;;;;2039;20;;;;;2037.5;5.783203125
4;400;VOLCANIC_ROCK;9917;104;9916;61;;;9918;104;9919;61;;;9917.5;0.0
4;400;VOLCANIC_ROCK_VOUCHER_10250;2;10;;;;;3;10;;;;;2.5;0.0
4;400;DJEMBES;13372;74;;;;;13373;24;13374;50;;;13372.5;-16.375
4;400;VOLCANIC_ROCK_VOUCHER_10500;0;10;;;;;2;10;;;;;1.0;0.0
4;500;VOLCANIC_ROCK;9916;208;;;;;9918;130;9919;78;;;9917.0;0.0
4;500;VOLCANIC_ROCK_VOUCHER_10500;0;21;;;;;2;21;;;;;1.0;-10.0
4;500;VOLCANIC_ROCK_VOUCHER_10000;32;21;;;;;33;21;;;;;32.5;-27.281005859375
4;500;MAGNIFICENT_MACARONS;778;20;776;19;770;27;786;10;795;27;801;19;782.0;59247.0
4;500;CROISSANTS;4295;136;;;;;4296;38;4297;98;;;4295.5;0.0
4;500;JAMS;6446;268;;;;;6448;268;;;;;6447.0;-105.0
4;500;DJEMBES;13374;30;13373;45;;;13375;75;;;;;13374.5;71.0625
4;500;KELP;2038;5;2036;29;;;2039;29;;;;;2038.5;5.693359375
4;500;VOLCANIC_ROCK_VOUCHER_9750;181;21;;;;;182;21;;;;;181.5;12.0009765625
4;500;PICNIC_BASKET1;58330;2;58329;19;58328;30;58339;2;58340;19;58341;30;58334.5;-323.0
4;500;PICNIC_BASKET2;30124;21;30123;30;;;30129;2;30130;49;;;30126.5;0.0
4;500;VOLCANIC_ROCK_VOUCHER_9500;418;21;;;;;419;21;;;;;418.5;-2.22900390625
4;500;RAINFOREST_RESIN;9992;26;;;;;10008;26;;;;;10000.0;63.0
4;500;VOLCANIC_ROCK_VOUCHER_10250;2;21;;;;;3;21;;;;;2.5;-8.703998565673828
4;500;SQUID_INK;1927;5;1925;29;;;1929;29;;;;;1928.0;0.0
4;600;VOLCANIC_ROCK_VOUCHER_10000;28;13;;;;;29;13;;;;;28.5;75.26922607421875
4;600;SQUID_INK;1926;24;;;;;1929;24;;;;;1927.5;0.0
4;600;KELP;2036;24;;;;;2039;24;;;;;2037.5;7.8916015625
4;600;JAMS;6446;254;;;;;6448;254;;;;;6447.0;-122.125
4;600;VOLCANIC_ROCK;9918;130;9917;75;;;9920;205;;;;;9919.0;0.0
4;600;RAINFOREST_RESIN;9992;27;;;;;10008;27;;;;;10000.0;63.0
4;600;VOLCANIC_ROCK_VOUCHER_10250;2;13;;;;;3;13;;;;;2.5;-28.24720001220703
4;600;MAGNIFICENT_MACARONS;778;14;775;12;769;23;786;7;794;23;800;12;782.0;59247.0
4;600;DJEMBES;13373;66;;;;;13375;66;;;;;13374.0;55.4375
4;600;VOLCANIC_ROCK_VOUCHER_10500;0;13;;;;;2;13;;;;;1.0;-31.0
4;600;VOLCANIC_ROCK_VOUCHER_9750;183;13;;;;;184;13;;;;;183.5;-58.27197265625
4;600;PICNIC_BASKET1;58325;1;58324;12;58323;26;58329;1;58334;1;58335;12;58327.0;-647.5
4;600;CROISSANTS;4295;139;;;;;4296;39;4297;100;;;4295.5;0.0
4;600;PICNIC_BASKET2;30123;1;30122;38;;;30125;1;30128;1;30129;38;30124.0;0.0
4;600;VOLCANIC_ROCK_VOUCHER_9500;419;13;;;;;420;13;;;;;419.5;-54.4169921875
4;700;VOLCANIC_ROCK_VOUCHER_9750;182;20;;;;;183;20;;;;;182.5;-28.8134765625
4;700;PICNIC_BASKET1;58321;2;58320;18;58319;24;58330;2;58331;18;58332;24;58325.5;-865.5
4;700;PICNIC_BASKET2;30121;20;30120;24;;;30126;2;30127;42;;;30123.5;0.0
4;700;VOLCANIC_ROCK_VOUCHER_9500;419;20;;;;;420;20;;;;;419.5;-35.48046875
4;700;MAGNIFICENT_MACARONS;776;10;772;10;770;18;780;5;789;29;795;18;778.0;59247.0
4;700;CROISSANTS;4295;37;4294;80;;;4296;117;;;;;4295.5;0.0
4;700;VOLCANIC_ROCK_VOUCHER_10250;2;20;;;;;3;20;;;;;2.5;-39.73200225830078
4;700;SQUID_INK;1931;4;1929;31;;;1932;31;;;;;1931.5;0.0
4;700;VOLCANIC_ROCK;9918;10;9917;184;;;9919;120;9920;64;;;9918.5;0.0
4;700;VOLCANIC_ROCK_VOUCHER_10500;0;20;;;;;2;20;;;;;1.0;-44.0
4;700;RAINFOREST_RESIN;9992;32;;;;;10008;32;;;;;10000.0;98.0
4;700;VOLCANIC_ROCK_VOUCHER_10000;36;20;;;;;37;20;;;;;36.5;-55.02496337890625
4;700;KELP;2038;4;2036;31;;;2039;31;;;;;2038.5;9.107421875
4;700;JAMS;6446;206;;;;;6448;206;;;;;6447.0;-106.6875
4;700;DJEMBES;13373;55;;;;;13375;55;;;;;13374.0;54.75
4;800;VOLCANIC_ROCK_VOUCHER_10000;33;18;;;;;34;18;;;;;33.5;30.21240234375
4;800;SQUID_INK;1934;23;;;;;1937;23;;;;;1935.5;0.0
4;800;CROISSANTS;4295;62;4294;97;;;4296;152;;;;;4295.5;0.0
4;800;KELP;2036;2;2035;21;;;2039;23;;;;;2037.5;13.423828125
4;800;JAMS;6446;273;;;;;6448;277;;;;;6447.0;-132.5
4;800;VOLCANIC_ROCK;9919;124;9918;76;;;9920;124;9921;76;;;9919.5;0.0
4;800;VOLCANIC_ROCK_VOUCHER_10250;2;18;;;;;3;18;;;;;2.5;-59.65440368652344
4;800;DJEMBES;13373;64;;;;;13374;64;;;;;13373.5;23.3125
4;800;VOLCANIC_ROCK_VOUCHER_10500;0;18;;;;;2;18;;;;;1.0;-64.0
4;800;VOLCANIC_ROCK_VOUCHER_9750;182;18;;;;;183;18;;;;;182.5;-48.4384765625
4;800;PICNIC_BASKET1;58323;2;58322;16;58321;20;58332;2;58333;16;58334;20;58327.5;-754.25
4;800;PICNIC_BASKET2;30122;2;30121;36;;;30127;18;30128;20;;;30124.5;0.0
4;800;VOLCANIC_ROCK_VOUCHER_9500;420;18;;;;;421;18;;;;;420.5;-151.166015625
4;800;RAINFOREST_RESIN;9992;30;;;;;9999;1;10008;30;;;9995.5;98.0
4;800;MAGNIFICENT_MACARONS;769;20;767;16;761;21;777;10;786;21;792;16;773.0;59247.0
4;900;VOLCANIC_ROCK_VOUCHER_9500;420;14;;;;;421;14;;;;;420.5;-98.52734375
4;900;RAINFOREST_RESIN;9997;6;9992;34;;;10008;34;;;;;10002.5;101.0
4;900;VOLCANIC_ROCK_VOUCHER_10250;2;14;;;;;3;14;;;;;2.5;-75.14479064941406
4;900;SQUID_INK;1936;21;;;;;1940;21;;;;;1938.0;0.0
4;900;VOLCANIC_ROCK;9918;189;;;;;9919;7;9920;123;9921;66;9918.5;0.0
4;900;VOLCANIC_ROCK_VOUCHER_10500;0;14;;;;;2;14;;;;;1.0;-82.0
4;900;MAGNIFICENT_MACARONS;767;18;765;14;759;21;775;9;784;21;790;14;771.0;59247.0
4;900;VOLCANIC_ROCK_VOUCHER_10000;30;14;;;;;31;14;;;;;30.5;181.7471923828125
4;900;CROISSANTS;4295;121;;;;;4296;121;;;;;4295.5;0.0
4;900;KELP;2035;21;;;;;2039;21;;;;;2037.0;13.431640625
4;900;JAMS;6446;229;;;;;6448;229;;;;;6447.0;-147.8125
4;900;DJEMBES;13373;26;13372;47;;;13374;77;;;;;13373.5;18.125
4;900;VOLCANIC_ROCK_VOUCHER_9750;181;14;;;;;182;14;;;;;181.5;51.67578125
4;900;PICNIC_BASKET1;58324;14;58323;30;;;58335;14;58336;30;;;58329.5;-644.0
4;900;PICNIC_BASKET2;30122;44;;;;;30128;14;30129;30;;;30125.0;0.0
4;1000;MAGNIFICENT_MACARONS;767;10;765;14;759;26;776;5;784;26;790;14;771.5;59247.0
4;1000;DJEMBES;13372;70;;;;;13374;70;;;;;13373.0;-0.625
4;1000;VOLCANIC_ROCK_VOUCHER_10500;0;16;;;;;2;16;;;;;1.0;-96.0
4;1000;VOLCANIC_ROCK_VOUCHER_9750;181;16;;;;;182;16;;;;;181.5;-3.2265625
4;1000;PICNIC_BASKET1;58330;2;58329;14;58328;23;58339;2;58340;14;58341;23;58334.5;-330.5
4;1000;CROISSANTS;4295;107;;;;;4296;48;4297;59;;;4295.5;0.0
4;1000;PICNIC_BASKET2;30123;16;30122;23;;;30129;16;30130;23;;;30126.0;0.0
4;1000;VOLCANIC_ROCK_VOUCHER_9500;418;16;;;;;419;16;;;;;418.5;21.171875
4;1000;VOLCANIC_ROCK_VOUCHER_10000;32;16;;;;;33;16;;;;;32.5;59.053955078125
4;1000;SQUID_INK;1936;27;;;;;1939;28;;;;;1937.5;0.0
4;1000;KELP;2036;27;;;;;2039;28;;;;;2037.5;12.484375
4;1000;JAMS;6446;240;;;;;6448;240;;;;;6447.0;-185.75
4;1000;VOLCANIC_ROCK;9917;107;9916;50;;;9919;157;;;;;9918.0;0.0
4;1000;RAINFOREST_RESIN;9992;31;;;;;10008;31;;;;;10000.0;101.0
4;1000;VOLCANIC_ROCK_VOUCHER_10250;2;16;;;;;3;16;;;;;2.5;-84.52801513671875
4;1100;VOLCANIC_ROCK_VOUCHER_10250;2;15;;;;;3;15;;;;;2.5;-102.31201171875
4;1100;SQUID_INK;1938;23;;;;;1940;3;1941;24;;;1939.0;0.0
4;1100;VOLCANIC_ROCK;9918;130;9917;69;;;9920;199;;;;;9919.0;0.0
4;1100;VOLCANIC_ROCK_VOUCHER_10500;0;15;;;;;2;15;;;;;1.0;-112.0
4;1100;RAINFOREST_RESIN;9992;35;;;;;10008;35;;;;;10000.0;101.0
4;1100;VOLCANIC_ROCK_VOUCHER_10000;33;15;;;;;34;15;;;;;33.5;-0.276611328125
4;1100;DJEMBES;13373;20;13372;41;;;13374;61;;;;;13373.5;11.8125
4;1100;KELP;2036;23;;;;;2038;3;2039;24;;;2037.0;13.0556640625
4;1100;JAMS;6447;79;6446;185;;;6448;79;6449;185;;;6447.5;-229.1875
4;1100;VOLCANIC_ROCK_VOUCHER_9750;181;15;;;;;182;15;;;;;181.5;6.4609375
4;1100;PICNIC_BASKET1;58333;15;58332;20;;;58344;15;58345;20;;;58338.5;-88.75
4;1100;PICNIC_BASKET2;30125;15;30124;20;;;30131;35;;;;;30128.0;0.0
4;1100;VOLCANIC_ROCK_VOUCHER_9500;420;15;;;;;421;15;;;;;420.5;-178.4296875
4;1100;MAGNIFICENT_MACARONS;770;18;767;15;761;24;778;9;786;24;792;15;774.0;59247.0
4;1100;CROISSANTS;4296;44;4295;79;;;4297;123;;;;;4296.5;0.0
4;1200;PICNIC_BASKET2;30126;19;30125;29;;;30128;1;30131;1;30132;47;30127.0;0.0
4;1200;VOLCANIC_ROCK_VOUCHER_9500;418;19;;;;;419;19;;;;;418.5;118.91015625
4;1200;PICNIC_BASKET1;58342;1;58341;18;58340;29;58346;1;58351;1;58352;18;58344.0;383.25
4;1200;RAINFOREST_RESIN;9997;5;9992;31;;;10008;31;;;;;10002.5;101.0
4;1200;VOLCANIC_ROCK_VOUCHER_9750;180;19;;;;;181;19;;;;;180.5;141.24609375
4;1200;MAGNIFICENT_MACARONS;768;16;766;18;760;23;776;8;785;23;791;18;772.0;59247.0
4;1200;VOLCANIC_ROCK_VOUCHER_10000;31;19;;;;;32;19;;;;;31.5;149.65185546875
4;1200;SQUID_INK;1934;24;;;;;1937;24;;;;;1935.5;0.0
4;1200;CROISSANTS;4296;50;4295;66;;;4297;116;;;;;4296.5;0.0
4;1200;KELP;2035;24;;;;;2039;24;;;;;2037.0;14.7275390625
4;1200;JAMS;6447;185;;;;;6449;185;;;;;6448.0;-301.5
4;1200;VOLCANIC_ROCK;9916;100;9915;42;;;9918;142;;;;;9917.0;0.0
4;1200;VOLCANIC_ROCK_VOUCHER_10250;2;19;;;;;3;19;;;;;2.5;-108.52151489257812
4;1200;DJEMBES;13374;77;;;;;13375;77;;;;;13374.5;89.875
4;1200;VOLCANIC_ROCK_VOUCHER_10500;0;19;;;;;2;19;;;;;1.0;-127.0
4;1300;VOLCANIC_ROCK_VOUCHER_10500;0;13;;;;;2;13;;;;;1.0;-146.0
4;1300;VOLCANIC_ROCK;9919;110;9918;45;;;9920;110;9921;45;;;9919.5;0.0
4;1300;MAGNIFICENT_MACARONS;767;16;764;13;758;26;775;8;783;26;789;13;771.0;59247.0
4;1300;DJEMBES;13375;52;;;;;13377;52;;;;;13376.0;177.0
4;1300;KELP;2035;26;;;;;2039;26;;;;;2037.0;14.2646484375
4;1300;CROISSANTS;4296;44;4295;68;;;4297;112;;;;;4296.5;0.0
4;1300;JAMS;6447;230;;;;;6449;226;;;;;6448.0;-325.5
4;1300;VOLCANIC_ROCK_VOUCHER_10000;33;13;;;;;34;13;;;;;33.5;-56.0361328125
4;1300;VOLCANIC_ROCK_VOUCHER_9750;180;13;;;;;181;13;;;;;180.5;69.94140625
4;1300;PICNIC_BASKET2;30126;29;;;;;30132;13;30133;16;;;30129.0;0.0
4;1300;PICNIC_BASKET1;58343;13;58342;16;;;58354;13;58355;16;;;58348.5;509.5
4;1300;RAINFOREST_RESIN;10002;5;9992;31;;;10003;7;10008;31;;;10002.5;101.0
4;1300;VOLCANIC_ROCK_VOUCHER_9500;420;13;;;;;421;13;;;;;420.5;-270.28125
4;1300;VOLCANIC_ROCK_VOUCHER_10250;2;13;;;;;3;13;;;;;2.5;-134.743408203125
4;1300;SQUID_INK;1934;26;;;;;1938;26;;;;;1936.0;0.0
4;1400;SQUID_INK;1936;24;;;;;1939;24;;;;;1937.5;0.0
4;1400;KELP;2035;24;;;;;2039;24;;;;;2037.0;14.330078125
4;1400;JAMS;6447;200;;;;;6449;200;;;;;6448.0;-398.875
4;1400;VOLCANIC_ROCK_VOUCHER_10000;33;15;;;;;34;15;;;;;33.5;-53.9921875
4;1400;RAINFOREST_RESIN;9992;25;;;;;10008;25;;;;;10000.0;111.0
4;1400;VOLCANIC_ROCK_VOUCHER_10250;2;15;;;;;3;15;;;;;2.5;-140.93759155273438
4;1400;VOLCANIC_ROCK;9917;161;;;;;9919;119;9920;42;;;9918.0;0.0
4;1400;MAGNIFICENT_MACARONS;766;20;764;13;758;22;774;10;783;22;789;13;770.0;59247.0
4;1400;DJEMBES;13376;18;13375;50;;;13377;68;;;;;13376.5;191.3125
4;1400;VOLCANIC_ROCK_VOUCHER_10500;0;15;;;;;2;15;;;;;1.0;-159.0
4;1400;PICNIC_BASKET2;30131;2;30130;31;;;30136;15;30137;18;;;30133.5;0.0
4;1400;VOLCANIC_ROCK_VOUCHER_9500;419;15;;;;;420;15;;;;;419.5;-40.9296875
4;1400;CROISSANTS;4296;57;4295;77;;;4297;134;;;;;4296.5;0.0
4;1400;PICNIC_BASKET1;58347;2;58346;13;58345;18;58356;2;58357;31;;;58351.5;660.5
4;1400;VOLCANIC_ROCK_VOUCHER_9750;181;15;;;;;182;15;;;;;181.5;46.0859375
4;1500;VOLCANIC_ROCK_VOUCHER_9750;183;12;;;;;184;12;;;;;183.5;-269.685546875
4;1500;PICNIC_BASKET2;30128;12;30127;30;;;30134;42;;;;;30131.0;0.0
4;1500;PICNIC_BASKET1;58342;1;58341;11;58340;30;58351;1;58352;11;58353;30;58346.5;389.75
4;1500;MAGNIFICENT_MACARONS;763;14;761;11;755;24;771;7;780;24;786;11;767.0;59247.0
4;1500;VOLCANIC_ROCK_VOUCHER_9500;419;12;;;;;420;12;;;;;419.5;-152.5234375
4;1500;CROISSANTS;4295;113;;;;;4296;60;4297;53;;;4295.5;0.0
4;1500;VOLCANIC_ROCK_VOUCHER_10250;2;12;;;;;3;12;;;;;2.5;-157.50479125976562
4;1500;SQUID_INK;1938;25;;;;;1942;25;;;;;1940.0;0.0
4;1500;VOLCANIC_ROCK_VOUCHER_10500;0;12;;;;;2;12;;;;;1.0;-174.0
4;1500;RAINFOREST_RESIN;9992;26;;;;;9999;1;10008;26;;;9995.5;111.0
4;1500;VOLCANIC_ROCK;9918;146;9917;74;;;9920;220;;;;;9919.0;0.0
4;1500;DJEMBES;13375;77;;;;;13377;77;;;;;13376.0;179.3125
4;1500;KELP;2035;25;;;;;2039;25;;;;;2037.0;15.068359375
4;1500;JAMS;6447;251;;;;;6449;251;;;;;6448.0;-384.25
4;1500;VOLCANIC_ROCK_VOUCHER_10000;33;12;;;;;34;12;;;;;33.5;-44.76806640625
4;1600;SQUID_INK;1942;27;;;;;1943;8;1946;27;;;1942.5;0.0
4;1600;KELP;2035;27;;;;;2036;8;2039;27;;;2035.5;14.28125
4;1600;CROISSANTS;4295;126;;;;;4296;126;;;;;4295.5;0.0
4;1600;JAMS;6448;63;6447;170;;;6449;63;6450;170;;;6448.5;-470.25
4;1600;VOLCANIC_ROCK_VOUCHER_10000;34;15;;;;;35;15;;;;;34.5;-308.2958984375
4;1600;VOLCANIC_ROCK_VOUCHER_10250;2;15;;;;;3;15;;;;;2.5;-177.0347900390625
4;1600;VOLCANIC_ROCK;9920;104;9919;78;;;9922;182;;;;;9921.0;0.0
4;1600;DJEMBES;13376;20;13375;35;;;13377;55;;;;;13376.5;189.125
4;1600;VOLCANIC_ROCK_VOUCHER_10500;0;15;;;;;2;15;;;;;1.0;-186.0
4;1600;PICNIC_BASKET2;30132;4;30130;15;30129;20;30136;35;;;;;30134.0;0.0
4;1600;VOLCANIC_ROCK_VOUCHER_9500;421;15;;;;;422;15;;;;;421.5;-479.6640625
4;1600;PICNIC_BASKET1;58346;4;58341;15;58340;20;58352;15;58353;20;;;58349.0;374.25
4;1600;RAINFOREST_RESIN;9992;35;;;;;10008;35;;;;;10000.0;112.0
4;1600;VOLCANIC_ROCK_VOUCHER_9750;183;15;;;;;184;15;;;;;183.5;-241.49609375
4;1600;MAGNIFICENT_MACARONS;761;18;758;15;752;27;769;9;777;27;783;15;765.0;59247.0
4;1700;RAINFOREST_RESIN;9992;26;;;;;10008;26;;;;;10000.0;112.0
4;1700;VOLCANIC_ROCK_VOUCHER_9500;423;29;;;;;424;19;;;;;423.5;-923.15625
4;1700;VOLCANIC_ROCK_VOUCHER_10250;3;29;;;;;4;19;;;;;3.5;-201.67999267578125
4;1700;SQUID_INK;1942;25;;;;;1946;25;;;;;1944.0;0.0
4;1700;VOLCANIC_ROCK_VOUCHER_10500;1;10;0;19;;;2;19;;;;;1.5;-200.0
4;1700;VOLCANIC_ROCK;9922;141;9921;48;;;9923;130;9924;48;;;9922.5;0.0
4;1700;DJEMBES;13377;55;;;;;13378;24;13379;31;;;13377.5;280.75
4;1700;CROISSANTS;4295;63;4294;95;;;4296;158;;;;;4295.5;0.0
4;1700;MAGNIFICENT_MACARONS;764;14;761;18;755;24;772;7;780;24;786;18;768.0;59247.0
4;1700;JAMS;6448;95;6447;134;;;6449;95;6450;134;;;6448.5;-464.625
4;1700;VOLCANIC_ROCK_VOUCHER_10000;33;29;;;;;34;19;;;;;33.5;-99.25732421875
4;1700;KELP;2036;1;2035;24;;;2039;25;;;;;2037.5;23.0
4;1700;VOLCANIC_ROCK_VOUCHER_9750;186;29;;;;;187;19;;;;;186.5;-660.759765625
4;1700;PICNIC_BASKET2;30128;43;;;;;30134;19;30135;24;;;30131.0;0.0
4;1700;PICNIC_BASKET1;58346;1;58345;18;58344;24;58355;1;58356;18;58357;24;58350.5;618.25
4;1800;DJEMBES;13377;66;;;;;13378;24;13379;42;;;13377.5;289.375
4;1800;MAGNIFICENT_MACARONS;766;10;764;15;758;27;774;5;783;27;789;15;770.0;59247.0
4;1800;VOLCANIC_ROCK_VOUCHER_10500;0;17;;;;;2;17;;;;;1.0;-200.0
4;1800;PICNIC_BASKET2;30131;8;30129;2;30128;39;30134;17;30135;24;;;30132.5;0.0
4;1800;VOLCANIC_ROCK_VOUCHER_9500;423;17;;;;;424;17;;;;;423.5;-969.71875
4;1800;CROISSANTS;4295;39;4294;73;;;4296;112;;;;;4295.5;0.0
4;1800;PICNIC_BASKET1;58346;8;58342;2;58341;39;58351;2;58352;15;58353;24;58348.5;404.25
4;1800;VOLCANIC_ROCK_VOUCHER_9750;187;17;;;;;188;17;;;;;187.5;-807.876953125
4;1800;KELP;2036;29;;;;;2039;29;;;;;2037.5;23.0
4;1800;SQUID_INK;1940;29;;;;;1943;29;;;;;1941.5;0.0
4;1800;JAMS;6448;73;6447;151;;;6449;224;;;;;6448.5;-438.375
4;1800;VOLCANIC_ROCK_VOUCHER_10000;34;17;;;;;35;17;;;;;34.5;-388.72021484375
4;1800;RAINFOREST_RESIN;9992;33;;;;;10008;33;;;;;10000.0;112.0
4;1800;VOLCANIC_ROCK_VOUCHER_10250;3;17;;;;;4;17;;;;;3.5;-204.46002197265625
4;1800;VOLCANIC_ROCK;9922;180;;;;;9924;134;9925;46;;;9923.0;0.0
4;1900;VOLCANIC_ROCK_VOUCHER_10250;3;16;;;;;4;16;;;;;3.5;-204.51995849609375
4;1900;KELP;2036;28;;;;;2038;2;2039;29;;;2037.0;23.0
4;1900;SQUID_INK;1941;28;;;;;1943;2;1944;29;;;1942.0;0.0
4;1900;VOLCANIC_ROCK_VOUCHER_10500;0;16;;;;;2;16;;;;;1.0;-200.0
4;1900;RAINFOREST_RESIN;9992;31;;;;;10008;31;;;;;10000.0;112.0
4;1900;VOLCANIC_ROCK;9922;181;;;;;9924;108;9925;73;;;9923.0;0.0
4;1900;DJEMBES;13376;56;;;;;13377;56;;;;;13376.5;203.0625
4;1900;JAMS;6447;204;;;;;6449;204;;;;;6448.0;-412.0
4;1900;VOLCANIC_ROCK_VOUCHER_10000;34;16;;;;;35;16;;;;;34.5;-289.47998046875
4;1900;VOLCANIC_ROCK_VOUCHER_9750;184;16;;;;;185;16;;;;;184.5;-277.88671875
4;1900;PICNIC_BASKET2;30129;16;30128;20;;;30135;36;;;;;30132.0;0.0
4;1900;PICNIC_BASKET1;58338;16;58337;20;;;58349;16;58350;20;;;58343.5;221.5
4;1900;VOLCANIC_ROCK_VOUCHER_9500;424;16;;;;;425;16;;;;;424.5;-1059.9375
4;1900;CROISSANTS;4295;42;4294;68;;;4296;110;;;;;4295.5;0.0
4;1900;MAGNIFICENT_MACARONS;772;10;768;16;766;16;776;8;785;29;791;16;774.0;59247.0
4;2000;PICNIC_BASKET2;30130;13;30129;15;;;30136;28;;;;;30133.0;0.0
4;2000;VOLCANIC_ROCK_VOUCHER_9500;424;13;;;;;425;13;;;;;424.5;-1041.203125
4;2000;PICNIC_BASKET1;58338;13;58337;15;;;58349;13;58350;15;;;58343.5;194.0
4;2000;RAINFOREST_RESIN;9992;35;;;;;10008;35;;;;;10000.0;112.0
4;2000;VOLCANIC_ROCK_VOUCHER_9750;184;13;;;;;185;13;;;;;184.5;-348.05859375
4;2000;MAGNIFICENT_MACARONS;774;14;772;13;766;24;782;7;791;24;797;13;778.0;59247.0
4;2000;SQUID_INK;1941;24;;;;;1944;24;;;;;1942.5;0.0
4;2000;CROISSANTS;4295;49;4294;92;;;4296;141;;;;;4295.5;0.0
4;2000;JAMS;6448;290;;;;;6449;8;6450;290;;;6448.5;-649.375
4;2000;VOLCANIC_ROCK_VOUCHER_10000;35;13;;;;;36;13;;;;;35.5;-512.4794921875
4;2000;VOLCANIC_ROCK_VOUCHER_10250;3;13;;;;;4;13;;;;;3.5;-205.44000244140625
4;2000;VOLCANIC_ROCK;9923;112;9922;46;;;9924;112;9925;46;;;9923.5;0.0
4;2000;DJEMBES;13376;15;13375;42;;;13377;57;;;;;13376.5;188.8125
4;2000;VOLCANIC_ROCK_VOUCHER_10500;0;13;;;;;2;13;;;;;1.0;-200.0
4;2000;KELP;2036;24;;;;;2039;24;;;;;2037.5;23.0
4;2100;VOLCANIC_ROCK_VOUCHER_10500;0;13;;;;;2;13;;;;;1.0;-200.0
4;2100;VOLCANIC_ROCK;9925;141;9924;51;;;9926;133;9927;51;;;9925.5;0.0
4;2100;DJEMBES;13376;67;;;;;13377;67;;;;;13376.5;203.375
4;2100;CROISSANTS;4295;52;4294;58;;;4296;110;;;;;4295.5;0.0
4;2100;MAGNIFICENT_MACARONS;774;14;772;11;766;21;783;7;791;21;797;11;778.5;59247.0
4;2100;JAMS;6448;159;;;;;6450;159;;;;;6449.0;-642.125
4;2100;VOLCANIC_ROCK_VOUCHER_10000;33;13;;;;;34;13;;;;;33.5;-29.66015625
4;2100;KELP;2036;23;;;;;2037;5;2039;23;;;2036.5;23.0
4;2100;VOLCANIC_ROCK_VOUCHER_9750;186;13;;;;;187;13;;;;;186.5;-652.646484375
4;2100;PICNIC_BASKET2;30131;2;30130;34;;;30136;13;30137;23;;;30133.5;0.0
4;2100;PICNIC_BASKET1;58343;2;58342;11;58341;23;58352;2;58353;11;58354;23;58347.5;424.5
4;2100;RAINFOREST_RESIN;9992;34;;;;;10008;34;;;;;10000.0;147.0
4;2100;VOLCANIC_ROCK_VOUCHER_9500;426;13;;;;;427;13;;;;;426.5;-1476.2578125
4;2100;VOLCANIC_ROCK_VOUCHER_10250;3;13;;;;;4;13;;;;;3.5;-219.05999755859375
4;2100;SQUID_INK;1943;23;;;;;1944;5;1946;23;;;1943.5;0.0
4;2200;KELP;2036;24;;;;;2039;24;;;;;2037.5;25.5751953125
4;2200;SQUID_INK;1944;24;;;;;1947;24;;;;;1945.5;0.0
4;2200;JAMS;6449;88;6448;120;;;6450;208;;;;;6449.5;-677.375
4;2200;VOLCANIC_ROCK_VOUCHER_10000;33;20;;;;;34;20;;;;;33.5;-55.6796875
4;2200;RAINFOREST_RESIN;9992;34;;;;;10008;34;;;;;10000.0;147.0
4;2200;VOLCANIC_ROCK_VOUCHER_10250;3;20;;;;;4;20;;;;;3.5;-227.41998291015625
4;2200;VOLCANIC_ROCK;9927;124;9926;56;;;9928;124;9929;56;;;9927.5;0.0
4;2200;MAGNIFICENT_MACARONS;774;20;772;20;766;24;783;10;791;24;797;20;778.5;59247.0
4;2200;VOLCANIC_ROCK_VOUCHER_10500;0;20;;;;;2;20;;;;;1.0;-200.0
4;2200;DJEMBES;13376;30;13375;37;;;13377;67;;;;;13376.5;198.5625
4;2200;PICNIC_BASKET2;30130;20;30129;30;;;30136;50;;;;;30133.0;0.0
4;2200;VOLCANIC_ROCK_VOUCHER_9500;428;20;;;;;429;20;;;;;428.5;-1883.875
4;2200;CROISSANTS;4295;47;4294;88;;;4296;135;;;;;4295.5;0.0
4;2200;PICNIC_BASKET1;58343;20;58342;30;;;58354;20;58355;30;;;58348.5;502.0
4;2200;VOLCANIC_ROCK_VOUCHER_9750;190;20;;;;;191;20;;;;;190.5;-1221.234375
4;2300;VOLCANIC_ROCK_VOUCHER_9750;188;12;;;;;189;12;;;;;188.5;-995.4453125
4;2300;PICNIC_BASKET2;30127;2;30126;36;;;30132;12;30133;26;;;30129.5;0.0
4;2300;PICNIC_BASKET1;58340;12;58339;26;;;58350;12;58351;26;;;58345.0;292.5
4;2300;CROISSANTS;4295;62;4294;100;;;4296;162;;;;;4295.5;0.0
4;2300;MAGNIFICENT_MACARONS;774;18;771;10;765;25;782;9;790;25;796;10;778.0;59247.0
4;2300;VOLCANIC_ROCK_VOUCHER_9500;427;12;;;;;428;12;;;;;427.5;-1654.6796875
4;2300;VOLCANIC_ROCK_VOUCHER_10250;3;12;;;;;4;12;;;;;3.5;-223.3800048828125
4;2300;JAMS;6448;291;;;;;6450;291;;;;;6449.0;-659.875
4;2300;KELP;2036;27;;;;;2038;6;2039;27;;;2037.0;24.96875
4;2300;SQUID_INK;1941;27;;;;;1943;6;1944;27;;;1942.0;0.0
4;2300;RAINFOREST_RESIN;9992;33;;;;;10008;33;;;;;10000.0;147.0
4;2300;VOLCANIC_ROCK;9926;114;9925;65;;;9927;114;9928;65;;;9926.5;0.0
4;2300;VOLCANIC_ROCK_VOUCHER_10500;0;12;;;;;2;12;;;;;1.0;-200.0
4;2300;DJEMBES;13376;26;13375;44;;;13377;70;;;;;13376.5;195.125
4;2300;VOLCANIC_ROCK_VOUCHER_10000;41;12;;;;;42;12;;;;;41.5;-1748.01953125
4;2400;SQUID_INK;1940;26;;;;;1943;27;;;;;1941.5;0.0
4;2400;VOLCANIC_ROCK_VOUCHER_10000;34;18;;;;;35;18;;;;;34.5;-304.27978515625
4;2400;CROISSANTS;4295;38;4294;71;;;4296;109;;;;;4295.5;0.0
4;2400;VOLCANIC_ROCK_VOUCHER_10250;3;18;;;;;4;18;;;;;3.5;-215.47998046875
4;2400;VOLCANIC_ROCK;9925;145;9924;78;;;9926;145;9927;78;;;9925.5;0.0
4;2400;JAMS;6448;264;;;;;6450;264;;;;;6449.0;-643.125
4;2400;VOLCANIC_ROCK_VOUCHER_10500;0;18;;;;;2;18;;;;;1.0;-200.0
4;2400;DJEMBES;13376;16;13375;30;;;13377;46;;;;;13376.5;196.125
4;2400;KELP;2036;26;;;;;2039;27;;;;;2037.5;25.4423828125
4;2400;PICNIC_BASKET2;30125;1;30124;33;;;30130;18;30131;16;;;30127.5;0.0
4;2400;PICNIC_BASKET1;58340;1;58339;17;58338;16;58349;1;58350;17;58351;16;58344.5;253.75
4;2400;VOLCANIC_ROCK_VOUCHER_9500;426;18;;;;;427;18;;;;;426.5;-1429.5390625
4;2400;RAINFOREST_RESIN;9992;29;;;;;10008;29;;;;;10000.0;161.0
4;2400;VOLCANIC_ROCK_VOUCHER_9750;189;18;;;;;190;18;;;;;189.5;-1141.28125
4;2400;MAGNIFICENT_MACARONS;772;12;770;17;764;26;780;6;789;26;795;17;776.0;59247.0
4;2500;RAINFOREST_RESIN;9992;30;;;;;10003;2;10008;30;;;9997.5;161.0
4;2500;VOLCANIC_ROCK_VOUCHER_9500;424;13;;;;;425;13;;;;;424.5;-1142.6015625
4;2500;CROISSANTS;4295;35;4294;84;;;4296;119;;;;;4295.5;0.0
4;2500;VOLCANIC_ROCK_VOUCHER_10250;3;13;;;;;4;13;;;;;3.5;-205.60003662109375
4;2500;SQUID_INK;1941;27;;;;;1944;27;;;;;1942.5;0.0
4;2500;VOLCANIC_ROCK_VOUCHER_10500;0;13;;;;;2;13;;;;;1.0;-200.0
4;2500;DJEMBES;13376;68;;;;;13377;68;;;;;13376.5;210.4375
4;2500;VOLCANIC_ROCK;9923;116;9922;51;;;9925;167;;;;;9924.0;0.0
4;2500;VOLCANIC_ROCK_VOUCHER_10000;34;13;;;;;35;13;;;;;34.5;-221.419921875
4;2500;MAGNIFICENT_MACARONS;773;14;771;12;765;26;781;7;790;26;796;12;777.0;59247.0
4;2500;JAMS;6448;191;;;;;6450;191;;;;;6449.0;-649.5
4;2500;KELP;2036;27;;;;;2039;27;;;;;2037.5;24.6181640625
4;2500;VOLCANIC_ROCK_VOUCHER_9750;188;13;;;;;189;13;;;;;188.5;-923.87890625
4;2500;PICNIC_BASKET2;30123;13;30122;28;;;30128;1;30129;40;;;30125.5;0.0
4;2500;PICNIC_BASKET1;58342;1;58341;12;58340;28;58351;1;58352;12;58353;28;58346.5;374.0
4;2600;MAGNIFICENT_MACARONS;774;12;772;15;766;28;782;6;791;28;797;15;778.0;59247.0
4;2600;VOLCANIC_ROCK_VOUCHER_10500;0;17;;;;;2;17;;;;;1.0;-200.0
4;2600;DJEMBES;13377;53;;;;;13378;53;;;;;13377.5;269.5
4;2600;PICNIC_BASKET2;30121;17;30120;20;;;30126;2;30127;35;;;30123.5;0.0
4;2600;PICNIC_BASKET1;58343;2;58342;15;58341;20;58352;2;58353;35;;;58347.5;421.25
4;2600;VOLCANIC_ROCK_VOUCHER_9500;424;17;;;;;425;17;;;;;424.5;-1030.21875
4;2600;VOLCANIC_ROCK_VOUCHER_9750;187;17;;;;;188;17;;;;;187.5;-682.21875
4;2600;CROISSANTS;4295;63;4294;86;;;4296;149;;;;;4295.5;0.0
4;2600;JAMS;6448;216;;;;;6450;216;;;;;6449.0;-577.75
4;2600;KELP;2036;30;;;;;2039;30;;;;;2037.5;25.025390625
4;2600;SQUID_INK;1940;30;;;;;1943;30;;;;;1941.5;0.0
4;2600;VOLCANIC_ROCK_VOUCHER_10000;35;17;;;;;36;17;;;;;35.5;-545.02001953125
4;2600;RAINFOREST_RESIN;9992;28;;;;;10008;28;;;;;10000.0;161.0
4;2600;VOLCANIC_ROCK_VOUCHER_10250;3;17;;;;;4;17;;;;;3.5;-203.719970703125
4;2600;VOLCANIC_ROCK;9922;166;;;;;9924;121;9925;45;;;9923.0;0.0
4;2700;CROISSANTS;4295;55;4294;61;;;4296;116;;;;;4295.5;0.0
4;2700;JAMS;6448;202;;;;;6450;202;;;;;6449.0;-612.875
4;2700;VOLCANIC_ROCK_VOUCHER_10250;3;17;;;;;4;17;;;;;3.5;-202.82000732421875
4;2700;KELP;2038;8;2036;24;;;2039;24;;;;;2038.5;26.0625
4;2700;SQUID_INK;1942;8;1940;24;;;1943;24;;;;;1942.5;0.0
4;2700;VOLCANIC_ROCK_VOUCHER_10500;0;17;;;;;2;17;;;;;1.0;-200.0
4;2700;RAINFOREST_RESIN;9997;3;9992;25;;;10008;25;;;;;10002.5;161.0
4;2700;DJEMBES;13377;63;;;;;13378;30;13379;33;;;13377.5;284.375
4;2700;VOLCANIC_ROCK;9922;117;9921;58;;;9923;117;9924;58;;;9922.5;0.0
4;2700;VOLCANIC_ROCK_VOUCHER_10000;34;17;;;;;35;17;;;;;34.5;-236.66015625
4;2700;VOLCANIC_ROCK_VOUCHER_9750;186;17;;;;;187;17;;;;;186.5;-432.19921875
4;2700;PICNIC_BASKET2;30119;47;;;;;30125;17;30126;30;;;30122.0;0.0
4;2700;PICNIC_BASKET1;58340;17;58339;30;;;58351;17;58352;30;;;58345.5;304.5
4;2700;MAGNIFICENT_MACARONS;774;18;772;17;766;24;783;9;791;24;797;17;778.5;59247.0
4;2700;VOLCANIC_ROCK_VOUCHER_9500;423;17;;;;;424;17;;;;;423.5;-950.6015625
4;2800;PICNIC_BASKET2;30123;11;30122;19;;;30125;4;30129;30;;;30124.0;0.0
4;2800;PICNIC_BASKET1;58345;11;58344;19;;;58350;4;58356;11;58357;19;58347.5;625.0
4;2800;VOLCANIC_ROCK_VOUCHER_9500;423;11;;;;;424;11;;;;;423.5;-905.1015625
4;2800;RAINFOREST_RESIN;9997;3;9992;31;;;10008;31;;;;;10002.5;161.0
4;2800;VOLCANIC_ROCK_VOUCHER_9750;185;11;;;;;186;11;;;;;185.5;-339.19921875
4;2800;MAGNIFICENT_MACARONS;771;16;769;11;763;21;779;8;788;21;794;11;775.0;59247.0
4;2800;CROISSANTS;4295;104;;;;;4296;104;;;;;4295.5;0.0
4;2800;VOLCANIC_ROCK_VOUCHER_10000;31;11;;;;;32;11;;;;;31.5;363.56005859375
4;2800;SQUID_INK;1943;21;;;;;1946;21;;;;;1944.5;0.0
4;2800;VOLCANIC_ROCK_VOUCHER_10250;3;11;;;;;4;11;;;;;3.5;-201.6199951171875
4;2800;VOLCANIC_ROCK;9922;129;9921;59;;;9923;129;9924;59;;;9922.5;0.0
4;2800;KELP;2036;21;;;;;2039;21;;;;;2037.5;29.80078125
4;2800;JAMS;6448;212;;;;;6450;201;;;;;6449.0;-587.75
4;2800;VOLCANIC_ROCK_VOUCHER_10500;0;11;;;;;2;11;;;;;1.0;-200.0
4;2800;DJEMBES;13377;60;;;;;13378;60;;;;;13377.5;270.6875
4;2900;VOLCANIC_ROCK_VOUCHER_10500;0;20;;;;;1;11;2;20;;;0.5;-200.0
4;2900;DJEMBES;13377;61;;;;;13378;61;;;;;13377.5;277.75
4;2900;VOLCANIC_ROCK;9922;108;9921;56;;;9924;164;;;;;9923.0;0.0
4;2900;MAGNIFICENT_MACARONS;778;14;776;18;770;24;786;7;795;24;801;18;782.0;59247.0
4;2900;VOLCANIC_ROCK_VOUCHER_10000;33;9;;;;;34;20;;;;;33.5;-190.60009765625
4;2900;KELP;2036;26;;;;;2039;26;;;;;2037.5;29.01611328125
4;2900;JAMS;6449;87;6448;160;;;6450;87;6451;160;;;6449.5;-707.625
4;2900;VOLCANIC_ROCK_VOUCHER_9750;187;9;;;;;188;20;;;;;187.5;-784.6015625
4;2900;PICNIC_BASKET2;30124;8;30122;2;30121;47;30127;2;30128;47;;;30125.5;0.0
4;2900;PICNIC_BASKET1;58348;8;58344;2;58343;18;58353;2;58354;18;58355;29;58350.5;523.25
4;2900;RAINFOREST_RESIN;9997;2;9992;33;;;10008;33;;;;;10002.5;161.0
4;2900;VOLCANIC_ROCK_VOUCHER_9500;424;9;;;;;425;20;;;;;424.5;-1019.1796875
4;2900;CROISSANTS;4295;135;;;;;4296;135;;;;;4295.5;0.0
4;2900;VOLCANIC_ROCK_VOUCHER_10250;3;9;;;;;4;20;;;;;3.5;-203.34002685546875
4;2900;SQUID_INK;1946;2;1945;24;;;1949;26;;;;;1947.5;0.0
4;3000;CROISSANTS;4295;110;;;;;4296;110;;;;;4295.5;0.0
4;3000;KELP;2038;1;2036;22;;;2039;22;;;;;2038.5;28.8837890625
4;3000;JAMS;6449;255;;;;;6451;255;;;;;6450.0;-857.375
4;3000;VOLCANIC_ROCK_VOUCHER_10000;33;17;;;;;34;17;;;;;33.5;-175.7197265625
4;3000;SQUID_INK;1948;1;1946;22;;;1949;22;;;;;1948.5;0.0
4;3000;RAINFOREST_RESIN;9992;26;;;;;10008;26;;;;;10000.0;161.0
4;3000;VOLCANIC_ROCK_VOUCHER_10250;3;17;;;;;4;17;;;;;3.5;-204.199951171875
4;3000;VOLCANIC_ROCK;9922;200;;;;;9924;126;9925;74;;;9923.0;0.0
4;3000;MAGNIFICENT_MACARONS;778;18;776;16;770;21;786;9;795;21;801;16;782.0;59247.0
4;3000;VOLCANIC_ROCK_VOUCHER_10500;0;17;;;;;2;17;;;;;1.0;-200.0
4;3000;DJEMBES;13377;66;;;;;13378;66;;;;;13377.5;262.0625
4;3000;PICNIC_BASKET2;30124;1;30123;42;;;30129;1;30130;42;;;30126.5;0.0
4;3000;PICNIC_BASKET1;58346;17;58345;26;;;58356;17;58357;26;;;58351.0;655.5
4;3000;VOLCANIC_ROCK_VOUCHER_9500;424;17;;;;;425;17;;;;;424.5;-1065.34375
4;3000;VOLCANIC_ROCK_VOUCHER_9750;186;17;;;;;187;17;;;;;186.5;-619.2578125
4;3100;VOLCANIC_ROCK_VOUCHER_9750;183;12;;;;;184;12;;;;;183.5;74.01953125
4;3100;PICNIC_BASKET2;30122;12;30121;28;;;30127;2;30128;38;;;30124.5;0.0
4;3100;PICNIC_BASKET1;58345;2;58344;10;58343;28;58354;2;58355;10;58356;28;58349.5;547.75
4;3100;MAGNIFICENT_MACARONS;781;12;778;10;772;28;789;6;797;28;803;10;785.0;59247.0
4;3100;VOLCANIC_ROCK_VOUCHER_9500;420;12;;;;;421;12;;;;;420.5;-357.7578125
4;3100;CROISSANTS;4294;145;;;;;4296;145;;;;;4295.0;0.0
4;3100;KELP;2036;29;;;;;2038;3;2039;30;;;2037.0;29.4814453125
4;3100;JAMS;6449;285;;;;;6451;285;;;;;6450.0;-889.375
4;3100;VOLCANIC_ROCK_VOUCHER_10250;2;12;;;;;3;12;;;;;2.5;-188.55999755859375
4;3100;SQUID_INK;1945;29;;;;;1947;3;1948;30;;;1946.0;0.0
4;3100;VOLCANIC_ROCK_VOUCHER_10500;0;12;;;;;2;12;;;;;1.0;-200.0
4;3100;RAINFOREST_RESIN;9992;33;;;;;10008;33;;;;;10000.0;161.0
4;3100;DJEMBES;13376;61;;;;;13377;61;;;;;13376.5;209.875
4;3100;VOLCANIC_ROCK;9919;136;9918;71;;;9920;136;9921;71;;;9919.5;0.0
4;3100;VOLCANIC_ROCK_VOUCHER_10000;31;12;;;;;32;12;;;;;31.5;255.26025390625
4;3200;VOLCANIC_ROCK_VOUCHER_10000;34;12;;;;;35;12;;;;;34.5;-302.14013671875
4;3200;SQUID_INK;1944;28;;;;;1947;28;;;;;1945.5;0.0
4;3200;VOLCANIC_ROCK_VOUCHER_10250;2;12;;;;;3;12;;;;;2.5;-183.8800048828125
4;3200;VOLCANIC_ROCK;9918;113;9917;40;;;9920;153;;;;;9919.0;0.0
4;3200;KELP;2036;28;;;;;2039;28;;;;;2037.5;30.1474609375
4;3200;JAMS;6449;173;;;;;6451;173;;;;;6450.0;-918.75
4;3200;VOLCANIC_ROCK_VOUCHER_10500;0;12;;;;;2;12;;;;;1.0;-200.0
4;3200;DJEMBES;13376;59;;;;;13377;59;;;;;13376.5;211.625
4;3200;PICNIC_BASKET2;30122;1;30121;33;;;30127;1;30128;33;;;30124.5;0.0
4;3200;PICNIC_BASKET1;58339;1;58338;11;58337;22;58348;1;58349;11;58350;22;58343.5;204.25
4;3200;VOLCANIC_ROCK_VOUCHER_9500;420;12;;;;;421;12;;;;;420.5;-210.8984375
4;3200;RAINFOREST_RESIN;9992;34;;;;;10008;34;;;;;10000.0;161.0
4;3200;VOLCANIC_ROCK_VOUCHER_9750;184;12;;;;;185;12;;;;;184.5;-46.8203125
4;3200;MAGNIFICENT_MACARONS;778;14;776;11;770;27;786;7;795;27;801;11;782.0;59247.0
4;3200;CROISSANTS;4294;89;;;;;4296;89;;;;;4295.0;0.0
4;3300;RAINFOREST_RESIN;9992;30;;;;;10008;30;;;;;10000.0;161.0
4;3300;VOLCANIC_ROCK_VOUCHER_9500;420;20;;;;;421;20;;;;;420.5;-234.6015625
4;3300;CROISSANTS;4295;42;4294;61;;;4296;103;;;;;4295.5;0.0
4;3300;VOLCANIC_ROCK_VOUCHER_10250;2;20;;;;;3;20;;;;;2.5;-182.760009765625
4;3300;SQUID_INK;1943;22;;;;;1947;22;;;;;1945.0;0.0
4;3300;DJEMBES;13376;56;;;;;13377;22;13378;34;;;13376.5;220.9375
4;3300;VOLCANIC_ROCK_VOUCHER_10500;0;20;;;;;2;20;;;;;1.0;-200.0
4;3300;VOLCANIC_ROCK;9918;184;;;;;9920;144;9921;40;;;9919.0;0.0
4;3300;MAGNIFICENT_MACARONS;778;14;776;19;770;21;786;7;795;21;801;19;782.0;59247.0
4;3300;VOLCANIC_ROCK_VOUCHER_10000;35;20;;;;;36;20;;;;;35.5;-475.02001953125
4;3300;KELP;2036;22;;;;;2039;22;;;;;2037.5;29.421875
4;3300;JAMS;6450;65;6449;197;;;6451;258;;;;;6450.5;-937.625
4;3300;VOLCANIC_ROCK_VOUCHER_9750;184;20;;;;;185;20;;;;;184.5;-72.1015625
4;3300;PICNIC_BASKET2;30127;2;30122;20;30121;22;30128;41;;;;;30127.5;0.0
4;3300;PICNIC_BASKET1;58340;3;58332;1;58331;19;58341;1;58342;19;58343;22;58340.5;-232.0
4;3400;MAGNIFICENT_MACARONS;781;16;778;13;772;30;789;8;797;30;803;13;785.0;59247.0
4;3400;DJEMBES;13376;66;;;;;13378;66;;;;;13377.0;234.125
4;3400;VOLCANIC_ROCK_VOUCHER_9500;417;14;;;;;418;14;;;;;417.5;275.5390625
4;3400;VOLCANIC_ROCK_VOUCHER_10500;0;14;;;;;2;14;;;;;1.0;-200.0
4;3400;VOLCANIC_ROCK_VOUCHER_9750;182;14;;;;;183;14;;;;;182.5;335.21875
4;3400;PICNIC_BASKET1;58333;1;58332;13;58331;18;58342;1;58343;13;58344;18;58337.5;-145.75
4;3400;PICNIC_BASKET2;30122;32;;;;;30128;14;30129;18;;;30125.0;0.0
4;3400;CROISSANTS;4295;59;4294;53;;;4296;112;;;;;4295.5;0.0
4;3400;KELP;2036;31;;;;;2039;31;;;;;2037.5;29.3681640625
4;3400;JAMS;6450;9;6449;209;;;6451;209;;;;;6450.5;-919.5
4;3400;VOLCANIC_ROCK_VOUCHER_10000;34;14;;;;;35;14;;;;;34.5;-394.93994140625
4;3400;SQUID_INK;1941;31;;;;;1944;31;;;;;1942.5;0.0
4;3400;RAINFOREST_RESIN;9992;31;;;;;10003;6;10008;31;;;9997.5;161.0
4;3400;VOLCANIC_ROCK_VOUCHER_10250;2;14;;;;;3;14;;;;;2.5;-170.82000732421875
4;3400;VOLCANIC_ROCK;9916;108;9915;45;;;9918;153;;;;;9917.0;0.0
4;3500;CROISSANTS;4295;109;;;;;4296;109;;;;;4295.5;0.0
4;3500;KELP;2036;31;;;;;2039;31;;;;;2037.5;29.54296875
4;3500;JAMS;6450;69;6449;170;;;6451;236;;;;;6450.5;-935.875
4;3500;VOLCANIC_ROCK_VOUCHER_10000;33;12;;;;;34;12;;;;;33.5;-200.81982421875
4;3500;VOLCANIC_ROCK_VOUCHER_10500;0;12;;;;;2;12;;;;;1.0;-200.0
4;3500;SQUID_INK;1944;31;;;;;1947;31;;;;;1945.5;0.0
4;3500;DJEMBES;13376;50;;;;;13377;50;;;;;13376.5;212.75
4;3500;VOLCANIC_ROCK;9919;133;9918;49;;;9920;133;9921;49;;;9919.5;0.0
4;3500;RAINFOREST_RESIN;9992;28;;;;;10008;28;;;;;10000.0;161.0
4;3500;VOLCANIC_ROCK_VOUCHER_10250;2;12;;;;;3;12;;;;;2.5;-184.0
4;3500;VOLCANIC_ROCK_VOUCHER_9750;184;12;;;;;185;12;;;;;184.5;-77.5625
4;3500;PICNIC_BASKET1;58333;3;58329;2;58328;10;58338;2;58339;29;;;58335.5;-417.5
4;3500;PICNIC_BASKET2;30127;3;30125;12;30124;19;30131;12;30132;19;;;30129.0;0.0
4;3500;VOLCANIC_ROCK_VOUCHER_9500;420;12;;;;;421;12;;;;;420.5;-323.4765625
4;3500;MAGNIFICENT_MACARONS;782;10;780;10;774;29;790;5;799;29;805;10;786.0;59247.0
4;3600;VOLCANIC_ROCK_VOUCHER_9500;423;15;;;;;424;15;;;;;423.5;-909.921875
4;3600;RAINFOREST_RESIN;10001;1;9992;27;;;10008;27;;;;;10004.5;175.0
4;3600;VOLCANIC_ROCK_VOUCHER_9750;185;15;;;;;186;15;;;;;185.5;-282.33984375
4;3600;PICNIC_BASKET1;58327;1;58326;14;58325;30;58336;1;58337;14;58338;30;58331.5;-520.5
4;3600;PICNIC_BASKET2;30129;15;30128;30;;;30135;45;;;;;30132.0;0.0
4;3600;MAGNIFICENT_MACARONS;781;16;779;14;773;30;789;8;798;30;804;14;785.0;59247.0
4;3600;CROISSANTS;4295;126;;;;;4296;126;;;;;4295.5;0.0
4;3600;VOLCANIC_ROCK_VOUCHER_10500;0;15;;;;;2;15;;;;;1.0;-200.0
4;3600;SQUID_INK;1945;31;;;;;1948;31;;;;;1946.5;0.0
4;3600;VOLCANIC_ROCK;9922;116;9921;64;;;9923;116;9924;64;;;9922.5;0.0
4;3600;VOLCANIC_ROCK_VOUCHER_10250;3;15;;;;;4;15;;;;;3.5;-202.46002197265625
4;3600;DJEMBES;13375;77;;;;;13377;77;;;;;13376.0;183.0625
4;3600;KELP;2036;31;;;;;2040;31;;;;;2038.0;28.4365234375
4;3600;JAMS;6450;62;6449;111;;;6451;62;6452;111;;;6450.5;-986.75
4;3600;VOLCANIC_ROCK_VOUCHER_10000;35;15;;;;;36;15;;;;;35.5;-618.81982421875
4;3700;DJEMBES;13374;58;;;;;13376;58;;;;;13375.0;113.1875
4;3700;VOLCANIC_ROCK;9924;138;9923;55;;;9925;138;9926;55;;;9924.5;0.0
4;3700;MAGNIFICENT_MACARONS;781;12;779;16;773;23;790;6;798;23;804;16;785.5;59247.0
4;3700;KELP;2037;2;2036;23;;;2040;23;;;;;2038.5;28.25390625
4;3700;VOLCANIC_ROCK_VOUCHER_9750;188;16;;;;;189;16;;;;;188.5;-844.58203125
4;3700;PICNIC_BASKET1;58322;16;58321;17;;;58332;16;58333;17;;;58327.0;-786.5
4;3700;JAMS;6449;270;;;;;6451;270;;;;;6450.0;-863.125
4;3700;VOLCANIC_ROCK_VOUCHER_10000;34;16;;;;;35;16;;;;;34.5;-330.80029296875
4;3700;PICNIC_BASKET2;30128;16;30127;17;;;30134;33;;;;;30131.0;0.0
4;3700;VOLCANIC_ROCK_VOUCHER_10500;0;16;;;;;2;16;;;;;1.0;-200.0
4;3700;VOLCANIC_ROCK_VOUCHER_9500;425;16;;;;;426;16;;;;;425.5;-1262.9453125
4;3700;RAINFOREST_RESIN;10003;8;9992;32;;;10008;32;;;;;10005.5;176.0
4;3700;VOLCANIC_ROCK_VOUCHER_10250;3;16;;;;;4;16;;;;;3.5;-211.60003662109375
4;3700;CROISSANTS;4295;138;;;;;4296;39;4297;99;;;4295.5;0.0
4;3700;SQUID_INK;1945;2;1944;23;;;1947;23;;;;;1946.0;0.0
4;3800;VOLCANIC_ROCK_VOUCHER_10250;3;0;;;;;4;18;;;;;3.5;-213.239990234375
4;3800;KELP;2036;25;;;;;2039;1;2040;24;;;2037.5;29.05078125
4;3800;CROISSANTS;4295;158;;;;;4296;60;4297;98;;;4295.5;0.0
4;3800;JAMS;6449;98;6448;110;;;6450;98;6451;110;;;6449.5;-727.375
4;3800;VOLCANIC_ROCK_VOUCHER_10000;35;0;;;;;36;18;;;;;35.5;-543.580078125
4;3800;RAINFOREST_RESIN;9992;31;;;;;10008;31;;;;;10000.0;200.0
4;3800;SQUID_INK;1945;25;;;;;1948;25;;;;;1946.5;0.0
4;3800;VOLCANIC_ROCK;9924;8;9923;187;;;9925;134;9926;53;;;9924.5;0.0
4;3800;MAGNIFICENT_MACARONS;781;20;778;17;772;24;789;10;797;24;803;17;785.0;59247.0
4;3800;DJEMBES;13374;52;;;;;13375;52;;;;;13374.5;98.875
4;3800;VOLCANIC_ROCK_VOUCHER_9500;425;0;;;;;426;18;;;;;425.5;-1213.1015625
4;3800;VOLCANIC_ROCK_VOUCHER_10500;0;18;;;;;1;18;2;18;;;0.5;-200.0
4;3800;VOLCANIC_ROCK_VOUCHER_9750;185;0;;;;;186;18;;;;;185.5;-316.95703125
4;3800;PICNIC_BASKET1;58322;18;58321;22;;;58332;18;58333;22;;;58327.0;-783.5
4;3800;PICNIC_BASKET2;30124;1;30123;39;;;30129;18;30130;22;;;30126.5;0.0
4;3900;VOLCANIC_ROCK_VOUCHER_9750;188;11;;;;;189;11;;;;;188.5;-921.56640625
4;3900;PICNIC_BASKET1;58321;1;58320;33;;;58330;1;58331;10;58332;23;58325.5;-855.25
4;3900;PICNIC_BASKET2;30125;1;30124;33;;;30130;11;30131;23;;;30127.5;0.0
4;3900;MAGNIFICENT_MACARONS;775;18;773;10;767;23;783;9;792;23;798;10;779.0;59247.0
4;3900;VOLCANIC_ROCK_VOUCHER_9500;426;11;;;;;427;11;;;;;426.5;-1538.1171875
4;3900;SQUID_INK;1946;22;;;;;1949;24;;;;;1947.5;0.0
4;3900;KELP;2036;24;;;;;2037;2;2039;24;;;2036.5;30.28515625
4;3900;CROISSANTS;4295;150;;;;;4296;150;;;;;4295.5;0.0
4;3900;JAMS;6449;247;;;;;6451;257;;;;;6450.0;-776.75
4;3900;VOLCANIC_ROCK_VOUCHER_10000;34;11;;;;;35;11;;;;;34.5;-246.0
4;3900;VOLCANIC_ROCK_VOUCHER_10500;0;11;;;;;2;11;;;;;1.0;-200.0
4;3900;DJEMBES;13372;54;;;;;13374;54;;;;;13373.0;5.3125
4;3900;VOLCANIC_ROCK;9925;133;9924;74;;;9927;207;;;;;9926.0;0.0
4;3900;RAINFOREST_RESIN;9992;28;;;;;10008;28;;;;;10000.0;200.0
4;3900;VOLCANIC_ROCK_VOUCHER_10250;3;11;;;;;4;11;;;;;3.5;-219.1199951171875
4;4000;VOLCANIC_ROCK_VOUCHER_10500;0;19;;;;;2;19;;;;;1.0;-200.0
4;4000;SQUID_INK;1945;23;;;;;1948;23;;;;;1946.5;0.0
4;4000;VOLCANIC_ROCK;9925;117;9924;66;;;9926;117;9927;66;;;9925.5;0.0
4;4000;VOLCANIC_ROCK_VOUCHER_10250;3;19;;;;;4;19;;;;;3.5;-218.800048828125
4;4000;DJEMBES;13373;24;13372;35;;;13374;59;;;;;13373.5;14.0
4;4000;JAMS;6449;74;6448;104;;;6450;74;6451;104;;;6449.5;-747.875
4;4000;VOLCANIC_ROCK_VOUCHER_10000;36;19;;;;;37;19;;;;;36.5;-748.43994140625
4;4000;KELP;2036;23;;;;;2039;23;;;;;2037.5;31.88623046875
4;4000;VOLCANIC_ROCK_VOUCHER_9500;426;19;;;;;427;19;;;;;426.5;-1484.6796875
4;4000;RAINFOREST_RESIN;9992;28;;;;;10003;8;10008;28;;;9997.5;200.0
4;4000;VOLCANIC_ROCK_VOUCHER_9750;187;19;;;;;188;19;;;;;187.5;-699.515625
4;4000;PICNIC_BASKET1;58327;19;58326;24;;;58338;43;;;;;58332.5;-477.25
4;4000;PICNIC_BASKET2;30126;43;;;;;30132;19;30133;24;;;30129.0;0.0
4;4000;CROISSANTS;4295;137;;;;;4297;137;;;;;4296.0;0.0
4;4000;MAGNIFICENT_MACARONS;777;10;774;19;768;23;785;5;793;23;799;19;781.0;59247.0
4;4100;VOLCANIC_ROCK_VOUCHER_9500;;;;;;;428;3;429;19;;;428.0;-1869.6796875
4;4100;RAINFOREST_RESIN;9992;35;;;;;10008;35;;;;;10000.0;200.0
4;4100;VOLCANIC_ROCK_VOUCHER_10250;;;;;;;3;3;4;19;;;3.0;-227.32000732421875
4;4100;SQUID_INK;1944;34;;;;;1945;5;1947;31;;;1944.5;0.0
4;4100;CROISSANTS;4295;160;;;;;4297;160;;;;;4296.0;0.0
4;4100;DJEMBES;13373;64;;;;;13374;64;;;;;13373.5;39.4375
4;4100;MAGNIFICENT_MACARONS;774;10;771;17;765;29;782;5;790;29;796;17;778.0;59247.0
4;4100;VOLCANIC_ROCK;9927;137;9926;67;;;9928;137;9929;67;;;9927.5;0.0
4;4100;VOLCANIC_ROCK_VOUCHER_9750;;;;;;;191;3;192;19;;;191.0;-1518.98046875
4;4100;PICNIC_BASKET1;58325;41;;;;;58326;3;58335;2;58336;17;58325.5;-555.5
4;4100;JAMS;6449;233;;;;;6451;233;;;;;6450.0;-787.5
4;4100;VOLCANIC_ROCK_VOUCHER_10000;;;;;;;36;3;37;19;;;36.0;-778.99951171875
4;4100;PICNIC_BASKET2;30125;38;;;;;30131;19;30132;24;;;30128.0;0.0
4;4100;KELP;2036;29;;;;;2039;31;;;;;2037.5;32.17041015625
4;4100;VOLCANIC_ROCK_VOUCHER_10500;0;14;;;;;1;17;2;19;;;0.5;-200.0
4;4200;DJEMBES;13373;28;13372;31;;;13374;59;;;;;13373.5;8.4375
4;4200;MAGNIFICENT_MACARONS;776;8;772;20;770;14;780;10;789;30;795;14;778.0;59247.0
4;4200;VOLCANIC_ROCK_VOUCHER_9500;426;14;;;;;427;14;;;;;426.5;-1446.796875
4;4200;VOLCANIC_ROCK_VOUCHER_10500;0;14;;;;;2;14;;;;;1.0;-200.0
4;4200;VOLCANIC_ROCK_VOUCHER_9750;188;14;;;;;189;14;;;;;188.5;-973.8203125
4;4200;PICNIC_BASKET1;58330;14;58329;28;;;58341;14;58342;28;;;58335.5;-261.25
4;4200;PICNIC_BASKET2;30124;42;;;;;30130;14;30131;28;;;30127.0;0.0
4;4200;VOLCANIC_ROCK_VOUCHER_10250;3;14;;;;;4;14;;;;;3.5;-219.39996337890625
4;4200;CROISSANTS;4295;121;;;;;4296;36;4297;85;;;4295.5;0.0
4;4200;JAMS;6449;254;;;;;6451;254;;;;;6450.0;-845.125
4;4200;VOLCANIC_ROCK_VOUCHER_10000;33;14;;;;;34;14;;;;;33.5;-131.9599609375
4;4200;KELP;2036;30;;;;;2039;30;;;;;2037.5;32.91015625
4;4200;RAINFOREST_RESIN;9992;31;;;;;10008;31;;;;;10000.0;200.0
4;4200;SQUID_INK;1945;30;;;;;1949;30;;;;;1947.0;0.0
4;4200;VOLCANIC_ROCK;9925;138;9924;72;;;9926;138;9927;72;;;9925.5;0.0
4;4300;SQUID_INK;1945;24;;;;;1948;24;;;;;1946.5;0.0
4;4300;CROISSANTS;4295;103;;;;;4297;103;;;;;4296.0;0.0
4;4300;JAMS;6449;201;;;;;6451;201;;;;;6450.0;-871.0
4;4300;VOLCANIC_ROCK_VOUCHER_10000;36;18;;;;;37;18;;;;;36.5;-638.34033203125
4;4300;KELP;2035;24;;;;;2039;24;;;;;2037.0;35.07421875
4;4300;VOLCANIC_ROCK_VOUCHER_10500;0;18;;;;;2;18;;;;;1.0;-200.0
4;4300;DJEMBES;13372;68;;;;;13373;68;;;;;13372.5;-39.625
4;4300;VOLCANIC_ROCK;9924;203;;;;;9926;125;9927;78;;;9925.0;0.0
4;4300;RAINFOREST_RESIN;9992;27;;;;;10008;27;;;;;10000.0;200.0
4;4300;VOLCANIC_ROCK_VOUCHER_10250;3;18;;;;;4;18;;;;;3.5;-214.29998779296875
4;4300;VOLCANIC_ROCK_VOUCHER_9750;187;18;;;;;188;18;;;;;187.5;-689.05859375
4;4300;PICNIC_BASKET1;58331;18;58330;25;;;58342;43;;;;;58336.5;-241.75
4;4300;PICNIC_BASKET2;30126;43;;;;;30132;18;30133;25;;;30129.0;0.0
4;4300;MAGNIFICENT_MACARONS;772;12;770;18;764;24;780;6;789;24;795;18;776.0;59247.0
4;4300;VOLCANIC_ROCK_VOUCHER_9500;426;18;;;;;427;18;;;;;426.5;-1399.7421875
4;4400;VOLCANIC_ROCK_VOUCHER_9500;426;14;;;;;427;14;;;;;426.5;-1482.6171875
4;4400;RAINFOREST_RESIN;10000;2;9992;26;;;10008;26;;;;;10004.0;200.0
4;4400;VOLCANIC_ROCK_VOUCHER_9750;188;14;;;;;189;14;;;;;188.5;-949.2578125
4;4400;PICNIC_BASKET1;58334;44;;;;;58345;14;58346;30;;;58339.5;-12.5
4;4400;PICNIC_BASKET2;30130;44;;;;;30136;14;30137;30;;;30133.0;0.0
4;4400;CROISSANTS;4296;149;;;;;4297;149;;;;;4296.5;0.0
4;4400;MAGNIFICENT_MACARONS;776;2;771;18;769;14;779;9;788;20;794;14;777.5;59247.0
4;4400;VOLCANIC_ROCK_VOUCHER_10500;0;14;;;;;2;14;;;;;1.0;-200.0
4;4400;SQUID_INK;1944;20;;;;;1947;20;;;;;1945.5;0.0
4;4400;VOLCANIC_ROCK;9925;102;9924;54;;;9926;102;9927;54;;;9925.5;0.0
4;4400;VOLCANIC_ROCK_VOUCHER_10250;3;14;;;;;4;14;;;;;3.5;-214.27996826171875
4;4400;JAMS;6450;95;6449;107;;;6451;95;6452;107;;;6450.5;-1007.0
4;4400;VOLCANIC_ROCK_VOUCHER_10000;42;14;;;;;43;14;;;;;42.5;-1842.7001953125
4;4400;DJEMBES;13371;76;;;;;13372;30;13373;46;;;13371.5;-75.625
4;4400;KELP;2035;20;;;;;2039;20;;;;;2037.0;34.5341796875
4;4500;MAGNIFICENT_MACARONS;771;18;769;19;763;23;774;5;780;9;788;23;772.5;59247.0
4;4500;VOLCANIC_ROCK;9925;129;9924;54;;;9926;129;9927;54;;;9925.5;0.0
4;4500;DJEMBES;13372;68;;;;;13374;68;;;;;13373.0;-4.9375
4;4500;VOLCANIC_ROCK_VOUCHER_9750;187;21;;;;;188;21;;;;;187.5;-793.62109375
4;4500;PICNIC_BASKET1;58339;2;58338;19;58337;24;58348;2;58349;19;58350;24;58343.5;213.25
4;4500;VOLCANIC_ROCK_VOUCHER_10000;38;21;;;;;39;21;;;;;38.5;-1049.83984375
4;4500;JAMS;6450;261;;;;;6452;261;;;;;6451.0;-1070.5
4;4500;PICNIC_BASKET2;30134;21;30133;24;;;30139;2;30140;43;;;30136.5;0.0
4;4500;KELP;2035;25;;;;;2039;25;;;;;2037.0;34.048828125
4;4500;VOLCANIC_ROCK_VOUCHER_10500;0;21;;;;;2;21;;;;;1.0;-200.0
4;4500;VOLCANIC_ROCK_VOUCHER_9500;426;21;;;;;427;21;;;;;426.5;-1470.21875
4;4500;RAINFOREST_RESIN;9992;35;;;;;10000;5;10008;35;;;9996.0;200.0
4;4500;VOLCANIC_ROCK_VOUCHER_10250;3;21;;;;;4;21;;;;;3.5;-214.72003173828125
4;4500;SQUID_INK;1945;25;;;;;1948;25;;;;;1946.5;0.0
4;4500;CROISSANTS;4296;121;;;;;4297;121;;;;;4296.5;0.0
4;4600;VOLCANIC_ROCK_VOUCHER_10250;3;15;;;;;4;15;;;;;3.5;-223.84002685546875
4;4600;VOLCANIC_ROCK_VOUCHER_10000;36;15;;;;;37;15;;;;;36.5;-745.3798828125
4;4600;CROISSANTS;4296;143;;;;;4297;54;4298;89;;;4296.5;0.0
4;4600;JAMS;6450;89;6449;143;;;6451;89;6452;143;;;6450.5;-983.75
4;4600;KELP;2035;29;;;;;2038;24;;;;;2036.5;33.4189453125
4;4600;VOLCANIC_ROCK;9926;137;9925;58;;;9927;137;9928;58;;;9926.5;0.0
4;4600;RAINFOREST_RESIN;9992;29;;;;;10008;29;;;;;10000.0;200.0
4;4600;SQUID_INK;1946;29;;;;;1949;24;;;;;1947.5;0.0
4;4600;MAGNIFICENT_MACARONS;771;14;768;14;762;23;779;7;787;23;793;14;775.0;59247.0
4;4600;DJEMBES;13372;54;;;;;13374;54;;;;;13373.0;-3.8125
4;4600;VOLCANIC_ROCK_VOUCHER_9500;427;15;;;;;428;15;;;;;427.5;-1691.8984375
4;4600;VOLCANIC_ROCK_VOUCHER_10500;0;15;;;;;2;15;;;;;1.0;-200.0
4;4600;VOLCANIC_ROCK_VOUCHER_9750;187;15;;;;;188;15;;;;;187.5;-750.51953125
4;4600;PICNIC_BASKET1;58347;4;58343;1;58342;14;58352;1;58353;38;;;58349.5;419.25
4;4600;PICNIC_BASKET2;30135;4;30133;1;30132;38;30138;15;30139;24;;;30136.5;0.0
4;4700;VOLCANIC_ROCK_VOUCHER_9750;192;7;;;;;193;17;;;;;192.5;-1699.09765625
4;4700;PICNIC_BASKET1;58342;17;58341;21;;;58352;17;58353;21;;;58347.0;411.75
4;4700;PICNIC_BASKET2;30138;17;30137;21;;;30143;1;30144;37;;;30140.5;0.0
4;4700;MAGNIFICENT_MACARONS;772;16;770;16;764;24;780;8;789;24;795;16;776.0;59247.0
4;4700;VOLCANIC_ROCK_VOUCHER_9500;431;7;;;;;432;17;;;;;431.5;-2559.859375
4;4700;SQUID_INK;1945;25;;;;;1948;25;;;;;1946.5;0.0
4;4700;VOLCANIC_ROCK_VOUCHER_10000;36;7;;;;;37;17;;;;;36.5;-809.93994140625
4;4700;CROISSANTS;4296;97;;;;;4297;40;4298;50;;;4296.5;0.0
4;4700;JAMS;6450;158;;;;;6452;158;;;;;6451.0;-1121.0
4;4700;KELP;2035;25;;;;;2038;1;2039;24;;;2036.5;33.7841796875
4;4700;VOLCANIC_ROCK_VOUCHER_10500;0;17;;;;;1;10;2;17;;;0.5;-200.0
4;4700;DJEMBES;13372;71;;;;;13373;21;13374;50;;;13372.5;-13.5
4;4700;VOLCANIC_ROCK;9930;191;;;;;9932;191;;;;;9931.0;0.0
4;4700;RAINFOREST_RESIN;9992;31;;;;;10008;31;;;;;10000.0;200.0
4;4700;VOLCANIC_ROCK_VOUCHER_10250;3;7;;;;;4;17;;;;;3.5;-249.02001953125
4;4800;VOLCANIC_ROCK;9932;138;9931;65;;;9934;203;;;;;9933.0;0.0
4;4800;VOLCANIC_ROCK_VOUCHER_10500;1;20;0;19;;;2;19;;;;;1.5;-200.0
4;4800;SQUID_INK;1946;30;;;;;1948;3;1949;30;;;1947.0;0.0
4;4800;VOLCANIC_ROCK_VOUCHER_10250;3;39;;;;;4;19;;;;;3.5;-255.94000244140625
4;4800;VOLCANIC_ROCK_VOUCHER_10000;34;39;;;;;35;19;;;;;34.5;-237.97998046875
4;4800;JAMS;6451;56;6450;154;;;6452;210;;;;;6451.5;-1183.375
4;4800;DJEMBES;13372;63;;;;;13373;69;;;;;13372.5;-32.1875
4;4800;KELP;2035;30;;;;;2037;3;2038;30;;;2036.0;33.220703125
4;4800;VOLCANIC_ROCK_VOUCHER_9500;433;39;;;;;434;19;;;;;433.5;-2922.5390625
4;4800;RAINFOREST_RESIN;9992;29;;;;;10008;29;;;;;10000.0;200.0
4;4800;VOLCANIC_ROCK_VOUCHER_9750;194;39;;;;;195;19;;;;;194.5;-1996.0546875
4;4800;PICNIC_BASKET1;58341;2;58340;17;58339;28;58350;2;58351;45;;;58345.5;301.0
4;4800;PICNIC_BASKET2;30140;19;30139;28;;;30145;2;30146;45;;;30142.5;0.0
4;4800;MAGNIFICENT_MACARONS;771;16;768;17;762;28;779;8;787;28;793;17;775.0;59247.0
4;4800;CROISSANTS;4296;98;;;;;4297;98;;;;;4296.5;0.0
4;4900;VOLCANIC_ROCK_VOUCHER_9500;432;13;;;;;434;13;;;;;433.0;-2772.78125
4;4900;RAINFOREST_RESIN;9992;25;;;;;10008;25;;;;;10000.0;200.0
4;4900;VOLCANIC_ROCK_VOUCHER_10250;3;13;;;;;4;13;;;;;3.5;-251.79998779296875
4;4900;SQUID_INK;1945;25;;;;;1949;25;;;;;1947.0;0.0
4;4900;CROISSANTS;4295;122;;;;;4296;65;4297;57;;;4295.5;0.0
4;4900;MAGNIFICENT_MACARONS;773;10;771;13;765;25;781;5;790;25;796;13;777.0;59247.0
4;4900;DJEMBES;13372;63;;;;;13373;63;;;;;13372.5;-33.6875
4;4900;VOLCANIC_ROCK;9931;152;;;;;9933;152;;;;;9932.0;0.0
4;4900;VOLCANIC_ROCK_VOUCHER_9750;194;13;;;;;195;13;;;;;194.5;-2003.8203125
4;4900;PICNIC_BASKET1;58334;13;58333;23;;;58345;13;58346;23;;;58339.5;-23.75
4;4900;VOLCANIC_ROCK_VOUCHER_10000;40;13;;;;;41;13;;;;;40.5;-1440.5400390625
4;4900;JAMS;6450;252;;;;;6452;252;;;;;6451.0;-1180.0
4;4900;PICNIC_BASKET2;30138;13;30137;23;;;30144;36;;;;;30141.0;0.0
4;4900;KELP;2035;25;;;;;2038;25;;;;;2036.5;31.7294921875
4;4900;VOLCANIC_ROCK_VOUCHER_10500;0;13;;;;;2;13;;;;;1.0;-200.0
4;5000;MAGNIFICENT_MACARONS;773;18;771;15;765;28;782;9;790;28;796;15;777.5;59247.0
4;5000;DJEMBES;13372;17;13371;42;;;13373;59;;;;;13372.5;-45.5
4;5000;VOLCANIC_ROCK_VOUCHER_9500;432;16;;;;;433;16;;;;;432.5;-2625.5234375
4;5000;VOLCANIC_ROCK_VOUCHER_10500;0;16;;;;;2;16;;;;;1.0;-200.0
4;5000;VOLCANIC_ROCK_VOUCHER_9750;196;16;;;;;197;16;;;;;196.5;-2355.73828125
4;5000;PICNIC_BASKET1;58336;1;58335;15;58334;17;58345;1;58346;15;58347;17;58340.5;25.75
4;5000;PICNIC_BASKET2;30136;16;30135;17;;;30141;1;30142;32;;;30138.5;0.0
4;5000;VOLCANIC_ROCK_VOUCHER_10250;3;16;;;;;4;16;;;;;3.5;-246.0999755859375
4;5000;VOLCANIC_ROCK_VOUCHER_10000;38;16;;;;;39;16;;;;;38.5;-1068.68017578125
4;5000;CROISSANTS;4295;117;;;;;4297;117;;;;;4296.0;0.0
4;5000;JAMS;6450;234;;;;;6452;234;;;;;6451.0;-1137.25
4;5000;KELP;2035;29;;;;;2038;29;;;;;2036.5;32.9814453125
4;5000;VOLCANIC_ROCK;9930;204;;;;;9932;139;9933;65;;;9931.0;0.0
4;5000;RAINFOREST_RESIN;9992;34;;;;;10008;34;;;;;10000.0;200.0
4;5000;SQUID_INK;1945;29;;;;;1948;29;;;;;1946.5;0.0
4;5100;VOLCANIC_ROCK_VOUCHER_10000;33;12;;;;;34;12;;;;;33.5;-192.23974609375
4;5100;SQUID_INK;1946;22;;;;;1949;23;;;;;1947.5;0.0
4;5100;CROISSANTS;4295;121;;;;;4297;121;;;;;4296.0;0.0
4;5100;KELP;2035;22;;;;;2038;23;;;;;2036.5;32.8681640625
4;5100;JAMS;6451;57;6450;136;;;6452;57;6453;136;;;6451.5;-1198.0
4;5100;VOLCANIC_ROCK_VOUCHER_10500;0;12;;;;;2;12;;;;;1.0;-200.0
4;5100;DJEMBES;13372;76;;;;;13373;28;13374;48;;;13372.5;-17.0
4;5100;VOLCANIC_ROCK;9932;144;;;;;9933;9;9934;103;9935;41;9932.5;0.0
4;5100;RAINFOREST_RESIN;9992;28;;;;;10008;28;;;;;10000.0;200.0
4;5100;VOLCANIC_ROCK_VOUCHER_10250;3;12;;;;;4;12;;;;;3.5;-257.260009765625
4;5100;VOLCANIC_ROCK_VOUCHER_9750;193;12;;;;;195;12;;;;;194.0;-1925.19921875
4;5100;PICNIC_BASKET1;58330;12;58329;28;;;58340;12;58341;28;;;58335.0;-304.5
4;5100;PICNIC_BASKET2;30136;2;30135;38;;;30141;2;30142;38;;;30138.5;0.0
4;5100;MAGNIFICENT_MACARONS;772;12;770;10;764;21;780;6;789;21;795;10;776.0;59247.0
4;5100;VOLCANIC_ROCK_VOUCHER_9500;434;12;;;;;435;12;;;;;434.5;-2999.359375
4;5200;VOLCANIC_ROCK_VOUCHER_9500;435;12;;;;;436;12;;;;;435.5;-3267.078125
4;5200;RAINFOREST_RESIN;9992;25;;;;;10008;25;;;;;10000.0;200.0
4;5200;VOLCANIC_ROCK_VOUCHER_9750;197;12;;;;;198;12;;;;;197.5;-2526.80078125
4;5200;PICNIC_BASKET1;58334;1;58333;11;58332;18;58343;1;58344;11;58345;18;58338.5;-95.25
4;5200;PICNIC_BASKET2;30139;1;30138;29;;;30144;1;30145;29;;;30141.5;0.0
4;5200;MAGNIFICENT_MACARONS;773;20;770;11;764;28;781;10;789;28;795;11;777.0;59247.0
4;5200;CROISSANTS;4296;54;4295;100;;;4297;154;;;;;4296.5;0.0
4;5200;VOLCANIC_ROCK;9934;133;9933;67;;;9935;133;9936;67;;;9934.5;0.0
4;5200;VOLCANIC_ROCK_VOUCHER_10500;0;12;;;;;2;12;;;;;1.0;-200.0
4;5200;SQUID_INK;1946;29;;;;;1948;8;1949;29;;;1947.0;0.0
4;5200;VOLCANIC_ROCK_VOUCHER_10250;3;12;;;;;4;12;;;;;3.5;-270.48004150390625
4;5200;VOLCANIC_ROCK_VOUCHER_10000;36;12;;;;;37;12;;;;;36.5;-620.6279296875
4;5200;KELP;2035;29;;;;;2037;8;2038;29;;;2036.0;32.9443359375
4;5200;JAMS;6451;100;6450;107;;;6452;100;6453;107;;;6451.5;-1228.0
4;5200;DJEMBES;13372;54;;;;;13373;54;;;;;13372.5;-32.75
4;5300;MAGNIFICENT_MACARONS;770;20;767;11;761;30;778;10;786;30;792;11;774.0;59247.0
4;5300;DJEMBES;13372;58;;;;;13373;23;13374;35;;;13372.5;-20.0625
4;5300;VOLCANIC_ROCK;9934;138;9933;45;;;9935;147;9936;45;;;9934.5;0.0
4;5300;VOLCANIC_ROCK_VOUCHER_9750;197;13;;;;;198;13;;;;;197.5;-2579.83984375
4;5300;PICNIC_BASKET1;58335;2;58334;11;58333;23;58344;2;58345;11;58346;23;58339.5;-27.25
4;5300;VOLCANIC_ROCK_VOUCHER_10000;33;13;;;;;34;13;;;;;33.5;-191.30029296875
4;5300;KELP;2035;32;;;;;2038;32;;;;;2036.5;34.169921875
4;5300;JAMS;6451;243;;;;;6453;252;;;;;6452.0;-1280.5
4;5300;PICNIC_BASKET2;30142;2;30141;34;;;30147;13;30148;23;;;30144.5;0.0
4;5300;VOLCANIC_ROCK_VOUCHER_10500;0;13;;;;;2;13;;;;;1.0;-200.0
4;5300;VOLCANIC_ROCK_VOUCHER_9500;435;13;;;;;436;13;;;;;435.5;-3275.6015625
4;5300;RAINFOREST_RESIN;10001;1;9992;31;;;10008;31;;;;;10004.5;200.0
4;5300;VOLCANIC_ROCK_VOUCHER_10250;3;13;;;;;4;13;;;;;3.5;-268.03997802734375
4;5300;SQUID_INK;1944;32;;;;;1948;32;;;;;1946.0;0.0
4;5300;CROISSANTS;4295;143;;;;;4297;143;;;;;4296.0;0.0
4;5400;VOLCANIC_ROCK_VOUCHER_10250;3;18;;;;;4;18;;;;;3.5;-275.5999755859375
4;5400;VOLCANIC_ROCK_VOUCHER_10000;41;18;;;;;42;18;;;;;41.5;-1554.3115234375
4;5400;CROISSANTS;4295;93;;;;;4297;93;;;;;4296.0;0.0
4;5400;KELP;2035;25;;;;;2038;25;;;;;2036.5;34.158203125
4;5400;JAMS;6451;53;6450;133;;;6452;53;6453;133;;;6451.5;-1258.875
4;5400;VOLCANIC_ROCK;9935;182;;;;;9937;124;9938;58;;;9936.0;0.0
4;5400;RAINFOREST_RESIN;9992;28;;;;;10008;28;;;;;10000.0;201.0
4;5400;SQUID_INK;1947;25;;;;;1950;25;;;;;1948.5;0.0
4;5400;MAGNIFICENT_MACARONS;772;12;769;16;763;23;780;6;788;23;794;16;776.0;59247.0
4;5400;DJEMBES;13372;59;;;;;13373;23;13374;36;;;13372.5;-19.125
4;5400;VOLCANIC_ROCK_VOUCHER_9500;436;18;;;;;437;18;;;;;436.5;-3535.125
4;5400;VOLCANIC_ROCK_VOUCHER_10500;0;18;;;;;2;18;;;;;1.0;-200.0
4;5400;VOLCANIC_ROCK_VOUCHER_9750;198;18;;;;;199;18;;;;;198.5;-2760.83984375
4;5400;PICNIC_BASKET1;58329;2;58328;39;;;58338;2;58339;16;58340;23;58333.5;-375.5
4;5400;PICNIC_BASKET2;30140;2;30139;39;;;30145;2;30146;39;;;30142.5;0.0
4;5500;VOLCANIC_ROCK_VOUCHER_9750;197;19;;;;;198;19;;;;;197.5;-2698.80078125
4;5500;PICNIC_BASKET1;58323;19;58322;18;;;58334;19;58335;18;;;58328.5;-710.25
4;5500;PICNIC_BASKET2;30137;19;30136;18;;;30143;37;;;;;30140.0;0.0
4;5500;MAGNIFICENT_MACARONS;770;12;767;19;761;20;774;9;778;6;786;20;772.0;59247.0
4;5500;VOLCANIC_ROCK_VOUCHER_9500;435;19;;;;;436;19;;;;;435.5;-3321.875
4;5500;VOLCANIC_ROCK_VOUCHER_10000;42;19;;;;;43;19;;;;;42.5;-1796.48046875
4;5500;SQUID_INK;1948;19;;;;;1951;20;;;;;1949.5;0.0
4;5500;CROISSANTS;4295;146;;;;;4296;50;4297;100;;;4295.5;0.0
4;5500;KELP;2035;19;;;;;2038;20;;;;;2036.5;34.18359375
4;5500;JAMS;6450;100;6449;107;;;6451;100;6452;107;;;6450.5;-1000.625
4;5500;VOLCANIC_ROCK_VOUCHER_10500;0;19;;;;;2;19;;;;;1.0;-200.0
4;5500;DJEMBES;13373;18;13372;33;;;13374;51;;;;;13373.5;9.875
4;5500;VOLCANIC_ROCK;9934;106;9933;76;;;9935;106;9936;76;;;9934.5;0.0
4;5500;RAINFOREST_RESIN;9992;34;;;;;10008;34;;;;;10000.0;201.0
4;5500;VOLCANIC_ROCK_VOUCHER_10250;3;19;;;;;4;19;;;;;3.5;-270.34002685546875
4;5600;VOLCANIC_ROCK;9935;108;9934;52;;;9937;160;;;;;9936.0;0.0
4;5600;VOLCANIC_ROCK_VOUCHER_10500;0;12;;;;;2;12;;;;;1.0;-200.0
4;5600;SQUID_INK;1947;25;;;;;1950;25;;;;;1948.5;0.0
4;5600;VOLCANIC_ROCK_VOUCHER_10250;3;12;;;;;4;12;;;;;3.5;-277.260009765625
4;5600;VOLCANIC_ROCK_VOUCHER_10000;35;12;;;;;36;12;;;;;35.5;-434.4404296875
4;5600;DJEMBES;13373;77;;;;;13374;27;13375;50;;;13373.5;42.625
4;5600;KELP;2035;25;;;;;2038;25;;;;;2036.5;36.109375
4;5600;JAMS;6449;197;;;;;6451;197;;;;;6450.0;-902.375
4;5600;RAINFOREST_RESIN;9992;29;;;;;10008;29;;;;;10000.0;201.0
4;5600;PICNIC_BASKET1;58325;2;58324;10;58323;27;58334;2;58335;10;58336;27;58329.5;-616.75
4;5600;PICNIC_BASKET2;30137;12;30136;27;;;30143;39;;;;;30140.0;0.0
4;5600;VOLCANIC_ROCK_VOUCHER_9750;196;12;;;;;197;12;;;;;196.5;-2336.01953125
4;5600;MAGNIFICENT_MACARONS;768;16;765;10;759;23;776;8;784;23;790;10;772.0;59247.0
4;5600;CROISSANTS;4295;142;;;;;4296;52;4297;90;;;4295.5;0.0
4;5600;VOLCANIC_ROCK_VOUCHER_9500;436;12;;;;;437;12;;;;;436.5;-3511.8984375
4;5700;RAINFOREST_RESIN;9992;30;;;;;10008;30;;;;;10000.0;201.0
4;5700;VOLCANIC_ROCK_VOUCHER_10250;3;20;;;;;4;20;;;;;3.5;-281.65997314453125
4;5700;SQUID_INK;1944;31;;;;;1947;1;1948;30;;;1945.5;0.0
4;5700;CROISSANTS;4295;122;;;;;4296;39;4297;83;;;4295.5;0.0
4;5700;VOLCANIC_ROCK_VOUCHER_9500;437;20;;;;;439;20;;;;;438.0;-3784.0390625
4;5700;MAGNIFICENT_MACARONS;767;10;765;19;759;30;772;9;776;5;784;30;769.5;59247.0
4;5700;DJEMBES;13374;65;;;;;13375;74;;;;;13374.5;94.6875
4;5700;VOLCANIC_ROCK;9936;146;;;;;9938;102;9939;44;;;9937.0;0.0
4;5700;VOLCANIC_ROCK_VOUCHER_9750;198;20;;;;;199;20;;;;;198.5;-2812.09765625
4;5700;PICNIC_BASKET2;30139;47;;;;;30145;20;30146;27;;;30142.0;0.0
4;5700;KELP;2035;31;;;;;2038;31;;;;;2036.5;35.7109375
4;5700;PICNIC_BASKET1;58334;1;58333;19;58332;27;58343;1;58344;19;58345;27;58338.5;-81.0
4;5700;JAMS;6451;229;;;;;6453;229;;;;;6452.0;-1284.875
4;5700;VOLCANIC_ROCK_VOUCHER_10000;39;20;;;;;40;20;;;;;39.5;-1268.580078125
4;5700;VOLCANIC_ROCK_VOUCHER_10500;0;20;;;;;2;20;;;;;1.0;-200.0
4;5800;VOLCANIC_ROCK_VOUCHER_9750;198;20;;;;;199;20;;;;;198.5;-2875.48046875
4;5800;MAGNIFICENT_MACARONS;765;10;762;20;756;21;773;5;781;21;787;20;769.0;59247.0
4;5800;VOLCANIC_ROCK_VOUCHER_9500;438;20;;;;;439;20;;;;;438.5;-3905.9609375
4;5800;DJEMBES;13374;60;;;;;13376;60;;;;;13375.0;124.0625
4;5800;VOLCANIC_ROCK_VOUCHER_10500;0;20;;;;;2;20;;;;;1.0;-200.0
4;5800;PICNIC_BASKET2;30139;20;30138;20;;;30145;40;;;;;30142.0;0.0
4;5800;PICNIC_BASKET1;58336;20;58335;20;;;58347;20;58348;20;;;58341.5;71.0
4;5800;VOLCANIC_ROCK_VOUCHER_10250;3;20;;;;;4;20;;;;;3.5;-285.8800048828125
4;5800;KELP;2035;20;;;;;2038;21;;;;;2036.5;35.705078125
4;5800;CROISSANTS;4295;95;;;;;4297;95;;;;;4296.0;0.0
4;5800;JAMS;6451;251;;;;;6453;251;;;;;6452.0;-1319.0
4;5800;VOLCANIC_ROCK_VOUCHER_10000;41;20;;;;;42;20;;;;;41.5;-1619.5205078125
4;5800;RAINFOREST_RESIN;9992;35;;;;;10008;35;;;;;10000.0;201.0
4;5800;VOLCANIC_ROCK;9937;102;9936;75;;;9939;177;;;;;9938.0;0.0
4;5800;SQUID_INK;1945;20;;;;;1948;21;;;;;1946.5;0.0
4;5900;SQUID_INK;1943;26;;;;;1946;26;;;;;1944.5;0.0
4;5900;KELP;2035;26;;;;;2038;26;;;;;2036.5;41.35546875
4;5900;CROISSANTS;4295;141;;;;;4297;141;;;;;4296.0;0.0
4;5900;JAMS;6451;239;;;;;6452;97;6453;137;;;6451.5;-1264.75
4;5900;VOLCANIC_ROCK_VOUCHER_10000;37;22;;;;;38;22;;;;;37.5;-897.3798828125
4;5900;VOLCANIC_ROCK_VOUCHER_10500;0;22;;;;;2;22;;;;;1.0;-200.0
4;5900;DJEMBES;13374;74;;;;;13375;24;13376;50;;;13374.5;111.375
4;5900;RAINFOREST_RESIN;9992;34;;;;;10008;34;;;;;10000.0;215.0
4;5900;VOLCANIC_ROCK_VOUCHER_10250;3;22;;;;;4;22;;;;;3.5;-275.03997802734375
4;5900;VOLCANIC_ROCK;9935;102;9934;77;;;9937;179;;;;;9936.0;0.0
4;5900;PICNIC_BASKET2;30138;2;30137;44;;;30143;22;30144;24;;;30140.5;0.0
4;5900;VOLCANIC_ROCK_VOUCHER_9500;436;22;;;;;437;22;;;;;436.5;-3568.4765625
4;5900;PICNIC_BASKET1;58343;2;58342;20;58341;24;58352;2;58353;20;58354;24;58347.5;452.25
4;5900;MAGNIFICENT_MACARONS;765;16;763;20;757;24;773;8;782;24;788;20;769.0;59247.0
4;5900;VOLCANIC_ROCK_VOUCHER_9750;197;22;;;;;198;22;;;;;197.5;-2559.5
4;6000;RAINFOREST_RESIN;9992;27;;;;;10003;2;10008;27;;;9997.5;215.0
4;6000;PICNIC_BASKET2;30141;16;30140;29;;;30147;45;;;;;30144.0;0.0
4;6000;PICNIC_BASKET1;58345;2;58344;14;58343;29;58354;2;58355;14;58356;29;58349.5;562.0
4;6000;VOLCANIC_ROCK_VOUCHER_9750;195;16;;;;;196;16;;;;;195.5;-2290.80078125
4;6000;MAGNIFICENT_MACARONS;763;14;760;14;754;26;771;7;779;26;785;14;767.0;59247.0
4;6000;VOLCANIC_ROCK_VOUCHER_9500;436;16;;;;;437;16;;;;;436.5;-3458.703125
4;6000;CROISSANTS;4296;50;4295;76;;;4297;126;;;;;4296.5;0.0
4;6000;VOLCANIC_ROCK_VOUCHER_10500;0;16;;;;;2;16;;;;;1.0;-200.0
4;6000;VOLCANIC_ROCK;9935;142;9934;67;;;9936;142;9937;67;;;9935.5;0.0
4;6000;SQUID_INK;1943;28;;;;;1946;28;;;;;1944.5;0.0
4;6000;VOLCANIC_ROCK_VOUCHER_10250;3;16;;;;;4;16;;;;;3.5;-271.94000244140625
4;6000;DJEMBES;13376;60;;;;;13377;60;;;;;13376.5;206.8125
4;6000;KELP;2035;28;;;;;2038;28;;;;;2036.5;40.76171875
4;6000;JAMS;6451;76;6450;172;;;6452;76;6453;172;;;6451.5;-1253.0
4;6000;VOLCANIC_ROCK_VOUCHER_10000;36;16;;;;;37;16;;;;;36.5;-668.6396484375
4;6100;DJEMBES;13375;65;;;;;13377;65;;;;;13376.0;172.9375
4;6100;MAGNIFICENT_MACARONS;764;18;761;11;755;27;772;9;780;27;786;11;768.0;59247.0
4;6100;VOLCANIC_ROCK;9935;180;;;;;9937;107;9938;73;;;9936.0;0.0
4;6100;VOLCANIC_ROCK_VOUCHER_9750;198;11;;;;;199;11;;;;;198.5;-2727.91015625
4;6100;PICNIC_BASKET2;30140;37;;;;;30146;11;30147;26;;;30143.0;0.0
4;6100;KELP;2035;27;;;;;2038;27;;;;;2036.5;39.91015625
4;6100;PICNIC_BASKET1;58344;37;;;;;58355;11;58356;26;;;58349.5;590.0
4;6100;JAMS;6451;232;;;;;6453;232;;;;;6452.0;-1357.875
4;6100;VOLCANIC_ROCK_VOUCHER_10000;37;11;;;;;38;11;;;;;37.5;-718.1796875
4;6100;VOLCANIC_ROCK_VOUCHER_10500;0;11;;;;;2;11;;;;;1.0;-200.0
4;6100;RAINFOREST_RESIN;9992;28;;;;;10008;28;;;;;10000.0;215.0
4;6100;VOLCANIC_ROCK_VOUCHER_10250;3;11;;;;;4;11;;;;;3.5;-275.52001953125
4;6100;SQUID_INK;1944;27;;;;;1947;27;;;;;1945.5;0.0
4;6100;VOLCANIC_ROCK_VOUCHER_9500;437;11;;;;;438;11;;;;;437.5;-3617.3828125
4;6100;CROISSANTS;4295;103;;;;;4297;103;;;;;4296.0;0.0
4;6200;VOLCANIC_ROCK_VOUCHER_10250;3;19;;;;;4;19;;;;;3.5;-271.719970703125
4;6200;KELP;2035;26;;;;;2038;26;;;;;2036.5;42.40625
4;6200;CROISSANTS;4295;162;;;;;4297;162;;;;;4296.0;0.0
4;6200;JAMS;6451;208;;;;;6453;208;;;;;6452.0;-1355.5
4;6200;VOLCANIC_ROCK_VOUCHER_10000;40;19;;;;;41;19;;;;;40.5;-1401.6201171875
4;6200;RAINFOREST_RESIN;9992;25;;;;;10008;25;;;;;10000.0;215.0
4;6200;VOLCANIC_ROCK;9935;138;9934;47;;;9936;138;9937;47;;;9935.5;0.0
4;6200;SQUID_INK;1943;26;;;;;1946;26;;;;;1944.5;0.0
4;6200;VOLCANIC_ROCK_VOUCHER_9750;195;19;;;;;196;19;;;;;195.5;-2297.2734375
4;6200;VOLCANIC_ROCK_VOUCHER_9500;436;19;;;;;438;19;;;;;437.0;-3579.2578125
4;6200;DJEMBES;13375;63;;;;;13376;63;;;;;13375.5;147.9375
4;6200;MAGNIFICENT_MACARONS;764;18;761;19;755;26;772;9;780;26;786;19;768.0;59247.0
4;6200;VOLCANIC_ROCK_VOUCHER_10500;0;19;;;;;2;19;;;;;1.0;-200.0
4;6200;PICNIC_BASKET2;30144;4;30141;36;;;30148;36;;;;;30146.0;0.0
4;6200;PICNIC_BASKET1;58343;4;58338;19;58337;17;58349;19;58350;17;;;58346.0;217.0
4;6300;PICNIC_BASKET2;30140;41;;;;;30146;13;30147;28;;;30143.0;0.0
4;6300;VOLCANIC_ROCK_VOUCHER_9500;438;13;;;;;439;13;;;;;438.5;-3920.640625
4;6300;PICNIC_BASKET1;58338;2;58337;11;58336;28;58347;2;58348;11;58349;28;58342.5;136.5
4;6300;MAGNIFICENT_MACARONS;761;14;759;11;753;29;769;7;778;29;784;11;765.0;59247.0
4;6300;VOLCANIC_ROCK_VOUCHER_9750;199;13;;;;;200;13;;;;;199.5;-2880.078125
4;6300;SQUID_INK;1941;31;;;;;1944;31;;;;;1942.5;0.0
4;6300;CROISSANTS;4295;143;;;;;4296;143;;;;;4295.5;0.0
4;6300;JAMS;6451;258;;;;;6453;258;;;;;6452.0;-1367.0
4;6300;VOLCANIC_ROCK_VOUCHER_10000;40;13;;;;;41;13;;;;;40.5;-1483.080078125
4;6300;VOLCANIC_ROCK_VOUCHER_10500;0;13;;;;;2;13;;;;;1.0;-200.0
4;6300;KELP;2035;31;;;;;2038;31;;;;;2036.5;44.00390625
4;6300;DJEMBES;13375;65;;;;;13376;28;13377;37;;;13375.5;163.625
4;6300;RAINFOREST_RESIN;9992;26;;;;;10008;26;;;;;10000.0;215.0
4;6300;VOLCANIC_ROCK_VOUCHER_10250;3;13;;;;;4;13;;;;;3.5;-285.5
4;6300;VOLCANIC_ROCK;9937;129;9936;76;;;9938;129;9939;76;;;9937.5;0.0
4;6400;VOLCANIC_ROCK_VOUCHER_10500;0;16;;;;;1;11;2;16;;;0.5;-200.0
4;6400;VOLCANIC_ROCK;9935;142;9934;50;;;9936;148;9937;50;;;9935.5;0.0
4;6400;SQUID_INK;1938;21;;;;;1941;21;;;;;1939.5;0.0
4;6400;VOLCANIC_ROCK_VOUCHER_10250;3;5;;;;;4;16;;;;;3.5;-271.47998046875
4;6400;KELP;2035;21;;;;;2038;21;;;;;2036.5;45.77734375
4;6400;DJEMBES;13375;58;;;;;13376;5;13377;58;;;13375.5;182.5625
4;6400;JAMS;6451;219;;;;;6453;219;;;;;6452.0;-1368.375
4;6400;VOLCANIC_ROCK_VOUCHER_10000;38;5;;;;;39;16;;;;;38.5;-913.47998046875
4;6400;RAINFOREST_RESIN;9992;30;;;;;10008;30;;;;;10000.0;229.0
4;6400;PICNIC_BASKET2;30138;16;30137;18;;;30144;34;;;;;30141.0;0.0
4;6400;PICNIC_BASKET1;58341;1;58340;15;58339;18;58350;1;58351;33;;;58345.5;303.5
4;6400;VOLCANIC_ROCK_VOUCHER_9750;197;5;;;;;198;16;;;;;197.5;-2539.98046875
4;6400;VOLCANIC_ROCK_VOUCHER_9500;436;5;;;;;437;16;;;;;436.5;-3475.859375
4;6400;CROISSANTS;4295;56;4294;74;;;4296;130;;;;;4295.5;0.0
4;6400;MAGNIFICENT_MACARONS;760;16;758;15;752;20;768;8;777;20;783;15;764.0;59247.0
4;6500;RAINFOREST_RESIN;9992;27;;;;;10008;27;;;;;10000.0;243.0
4;6500;VOLCANIC_ROCK_VOUCHER_10250;3;14;;;;;4;14;;;;;3.5;-289.239990234375
4;6500;SQUID_INK;1936;5;1935;25;;;1939;25;;;;;1937.5;0.0
4;6500;VOLCANIC_ROCK_VOUCHER_9500;439;14;;;;;440;14;;;;;439.5;-4046.140625
4;6500;CROISSANTS;4294;104;;;;;4296;104;;;;;4295.0;0.0
4;6500;DJEMBES;13376;19;13375;39;;;13377;58;;;;;13376.5;197.625
4;6500;MAGNIFICENT_MACARONS;755;18;752;14;746;25;763;9;771;25;777;14;759.0;59247.0
4;6500;VOLCANIC_ROCK;9937;190;;;;;9939;113;9940;77;;;9938.0;0.0
4;6500;VOLCANIC_ROCK_VOUCHER_9750;200;14;;;;;201;14;;;;;200.5;-3082.8984375
4;6500;PICNIC_BASKET2;30135;14;30134;19;;;30141;33;;;;;30138.0;0.0
4;6500;PICNIC_BASKET1;58337;14;58336;19;;;58348;14;58349;19;;;58342.5;144.75
4;6500;JAMS;6451;171;;;;;6453;171;;;;;6452.0;-1345.625
4;6500;VOLCANIC_ROCK_VOUCHER_10000;40;14;;;;;41;14;;;;;40.5;-1362.2998046875
4;6500;VOLCANIC_ROCK_VOUCHER_10500;0;14;;;;;2;14;;;;;1.0;-200.0
4;6500;KELP;2035;30;;;;;2038;25;;;;;2036.5;44.875
4;6600;VOLCANIC_ROCK_VOUCHER_9750;201;17;;;;;202;17;;;;;201.5;-3413.3203125
4;6600;VOLCANIC_ROCK_VOUCHER_9500;441;17;;;;;442;17;;;;;441.5;-4556.1015625
4;6600;DJEMBES;13376;59;;;;;13377;27;13378;32;;;13376.5;228.875
4;6600;MAGNIFICENT_MACARONS;756;18;753;17;747;29;764;9;772;29;778;17;760.0;59247.0
4;6600;VOLCANIC_ROCK_VOUCHER_10500;0;17;;;;;2;17;;;;;1.0;-200.0
4;6600;PICNIC_BASKET2;30134;17;30133;27;;;30140;44;;;;;30137.0;0.0
4;6600;PICNIC_BASKET1;58340;17;58339;27;;;58351;17;58352;27;;;58345.5;326.5
4;6600;VOLCANIC_ROCK_VOUCHER_10250;3;17;;;;;4;17;;;;;3.5;-308.199951171875
4;6600;KELP;2035;29;;;;;2038;29;;;;;2036.5;44.3125
4;6600;CROISSANTS;4294;130;;;;;4296;130;;;;;4295.0;0.0
4;6600;JAMS;6451;200;;;;;6453;205;;;;;6452.0;-1347.875
4;6600;VOLCANIC_ROCK_VOUCHER_10000;39;17;;;;;40;17;;;;;39.5;-1284.39990234375
4;6600;RAINFOREST_RESIN;10003;10;9997;6;9992;34;10008;34;;;;;10005.5;243.0
4;6600;VOLCANIC_ROCK;9941;122;9940;80;;;9942;129;9943;80;;;9941.5;0.0
4;6600;SQUID_INK;1936;29;;;;;1939;29;;;;;1937.5;0.0
4;6700;SQUID_INK;1937;4;1935;23;;;1938;23;;;;;1937.5;0.0
4;6700;CROISSANTS;4295;58;4294;62;;;4296;120;;;;;4295.5;0.0
4;6700;VOLCANIC_ROCK_VOUCHER_10000;43;18;;;;;44;18;;;;;43.5;-1972.060546875
4;6700;JAMS;6451;189;;;;;6453;189;;;;;6452.0;-1339.875
4;6700;VOLCANIC_ROCK_VOUCHER_10500;0;18;;;;;2;18;;;;;1.0;-200.0
4;6700;DJEMBES;13377;16;13376;48;;;13378;64;;;;;13377.5;250.125
4;6700;KELP;2037;4;2035;23;;;2038;23;;;;;2037.5;49.1328125
4;6700;RAINFOREST_RESIN;9992;26;;;;;10008;26;;;;;10000.0;273.0
4;6700;VOLCANIC_ROCK_VOUCHER_10250;3;18;;;;;4;18;;;;;3.5;-300.05999755859375
4;6700;VOLCANIC_ROCK;9939;141;9938;47;;;9940;141;9941;47;;;9939.5;0.0
4;6700;PICNIC_BASKET2;30134;18;30133;16;;;30139;2;30140;32;;;30136.5;0.0
4;6700;VOLCANIC_ROCK_VOUCHER_9500;440;18;;;;;441;18;;;;;440.5;-4260.140625
4;6700;PICNIC_BASKET1;58342;2;58341;16;58340;16;58351;2;58352;32;;;58346.5;363.0
4;6700;MAGNIFICENT_MACARONS;758;14;755;16;749;21;766;7;774;21;780;16;762.0;59247.0
4;6700;VOLCANIC_ROCK_VOUCHER_9750;202;18;;;;;203;18;;;;;202.5;-3602.90234375
4;6800;RAINFOREST_RESIN;9992;33;;;;;10008;33;;;;;10000.0;273.0
4;6800;PICNIC_BASKET2;30135;8;30134;23;;;30140;2;30141;33;;;30137.5;0.0
4;6800;PICNIC_BASKET1;58339;33;;;;;58340;2;58349;2;58350;10;58339.5;286.0
4;6800;VOLCANIC_ROCK_VOUCHER_9750;199;12;;;;;200;12;;;;;199.5;-2994.01953125
4;6800;CROISSANTS;4295;58;4294;50;;;4296;108;;;;;4295.5;0.0
4;6800;MAGNIFICENT_MACARONS;758;14;755;10;749;25;762;6;766;7;774;25;760.0;59247.0
4;6800;VOLCANIC_ROCK_VOUCHER_9500;439;12;;;;;440;12;;;;;439.5;-4058.625
4;6800;VOLCANIC_ROCK;9938;106;9937;41;;;9939;106;9940;41;;;9938.5;0.0
4;6800;VOLCANIC_ROCK_VOUCHER_10500;0;12;;;;;2;12;;;;;1.0;-200.0
4;6800;DJEMBES;13377;68;;;;;13379;68;;;;;13378.0;297.6875
4;6800;SQUID_INK;1936;6;1935;27;;;1938;27;;;;;1937.0;0.0
4;6800;JAMS;6451;192;;;;;6453;192;;;;;6452.0;-1364.625
4;6800;VOLCANIC_ROCK_VOUCHER_10250;3;12;;;;;4;12;;;;;3.5;-290.780029296875
4;6800;KELP;2035;33;;;;;2038;27;;;;;2036.5;44.3046875
4;6800;VOLCANIC_ROCK_VOUCHER_10000;36;12;;;;;37;12;;;;;36.5;-549.47998046875
4;6900;MAGNIFICENT_MACARONS;758;20;755;11;749;30;766;10;774;30;780;11;762.0;59247.0
4;6900;VOLCANIC_ROCK;9940;129;9939;79;;;9941;131;9942;79;;;9940.5;0.0
4;6900;VOLCANIC_ROCK_VOUCHER_9750;200;11;;;;;201;11;;;;;200.5;-3176.0390625
4;6900;PICNIC_BASKET2;30136;28;;;;;30142;11;30143;17;;;30139.0;0.0
4;6900;PICNIC_BASKET1;58340;11;58339;17;;;58351;11;58352;17;;;58345.5;333.0
4;6900;VOLCANIC_ROCK_VOUCHER_10000;37;11;;;;;38;11;;;;;37.5;-870.740234375
4;6900;JAMS;6451;76;6450;107;;;6452;76;6453;107;;;6451.5;-1285.5
4;6900;VOLCANIC_ROCK_VOUCHER_10500;0;11;;;;;2;11;;;;;1.0;-200.0
4;6900;DJEMBES;13378;57;;;;;13379;17;13380;40;;;13378.5;346.25
4;6900;KELP;2037;1;2035;30;;;2038;30;;;;;2037.5;45.55859375
4;6900;RAINFOREST_RESIN;9992;27;;;;;10008;27;;;;;10000.0;273.0
4;6900;VOLCANIC_ROCK_VOUCHER_10250;3;11;;;;;4;11;;;;;3.5;-302.89996337890625
4;6900;SQUID_INK;1938;1;1936;30;;;1939;30;;;;;1938.5;0.0
4;6900;VOLCANIC_ROCK_VOUCHER_9500;441;11;;;;;442;11;;;;;441.5;-4404.015625
4;6900;CROISSANTS;4294;111;;;;;4296;111;;;;;4295.0;0.0
4;7000;CROISSANTS;4295;53;4294;91;;;4296;144;;;;;4295.5;0.0
4;7000;JAMS;6451;271;;;;;6453;271;;;;;6452.0;-1383.125
4;7000;VOLCANIC_ROCK_VOUCHER_10250;3;11;;;;;4;11;;;;;3.5;-308.260009765625
4;7000;KELP;2035;35;;;;;2038;28;;;;;2036.5;41.6875
4;7000;VOLCANIC_ROCK_VOUCHER_10000;38;11;;;;;39;11;;;;;38.5;-994.35986328125
4;7000;RAINFOREST_RESIN;9992;29;;;;;10008;29;;;;;10000.0;273.0
4;7000;VOLCANIC_ROCK;9940;147;9939;49;;;9942;187;;;;;9941.0;0.0
4;7000;SQUID_INK;1935;35;;;;;1938;28;;;;;1936.5;0.0
4;7000;VOLCANIC_ROCK_VOUCHER_9750;201;11;;;;;202;11;;;;;201.5;-3403.98046875
4;7000;MAGNIFICENT_MACARONS;756;10;753;10;747;27;760;7;764;5;772;27;758.0;59247.0
4;7000;VOLCANIC_ROCK_VOUCHER_9500;441;11;;;;;442;11;;;;;441.5;-4502.90625
4;7000;VOLCANIC_ROCK_VOUCHER_10500;0;11;;;;;2;11;;;;;1.0;-200.0
4;7000;DJEMBES;13378;71;;;;;13379;71;;;;;13378.5;332.75
4;7000;PICNIC_BASKET2;30137;11;30136;21;;;30142;1;30143;31;;;30139.5;0.0
4;7000;PICNIC_BASKET1;58341;11;58340;21;;;58351;11;58352;21;;;58346.0;353.75
4;7100;PICNIC_BASKET2;30139;11;30138;26;;;30144;1;30145;36;;;30141.5;0.0
4;7100;PICNIC_BASKET1;58343;1;58342;10;58341;26;58352;1;58353;10;58354;26;58347.5;453.25
4;7100;VOLCANIC_ROCK_VOUCHER_9500;441;11;;;;;442;11;;;;;441.5;-4474.5
4;7100;MAGNIFICENT_MACARONS;755;20;753;10;747;26;763;10;772;26;778;10;759.0;59247.0
4;7100;VOLCANIC_ROCK_VOUCHER_9750;202;11;;;;;204;11;;;;;203.0;-3633.78125
4;7100;SQUID_INK;1936;27;;;;;1939;27;;;;;1937.5;0.0
4;7100;VOLCANIC_ROCK_VOUCHER_10000;39;11;;;;;40;11;;;;;39.5;-1195.080078125
4;7100;CROISSANTS;4295;140;;;;;4296;140;;;;;4295.5;0.0
4;7100;JAMS;6451;83;6450;191;;;6452;83;6453;191;;;6451.5;-1356.25
4;7100;VOLCANIC_ROCK_VOUCHER_10500;0;11;;;;;2;11;;;;;1.0;-200.0
4;7100;DJEMBES;13378;63;;;;;13379;63;;;;;13378.5;323.375
4;7100;KELP;2035;1;2034;26;;;2038;27;;;;;2036.5;37.85546875
4;7100;RAINFOREST_RESIN;9992;30;;;;;10008;30;;;;;10000.0;273.0
4;7100;VOLCANIC_ROCK_VOUCHER_10250;3;11;;;;;4;11;;;;;3.5;-304.44000244140625
4;7100;VOLCANIC_ROCK;9940;138;9939;74;;;9941;138;9942;74;;;9940.5;0.0
4;7200;VOLCANIC_ROCK_VOUCHER_10500;0;15;;;;;2;15;;;;;1.0;-200.0
4;7200;DJEMBES;13378;20;13377;33;;;13379;53;;;;;13378.5;317.375
4;7200;VOLCANIC_ROCK;9939;211;;;;;9941;140;9942;71;;;9940.0;0.0
4;7200;SQUID_INK;1938;1;1937;24;;;1941;25;;;;;1939.5;0.0
4;7200;JAMS;6451;195;;;;;6453;195;;;;;6452.0;-1402.125
4;7200;VOLCANIC_ROCK_VOUCHER_10250;3;15;;;;;4;15;;;;;3.5;-303.6600341796875
4;7200;KELP;2035;1;2034;24;;;2038;25;;;;;2036.5;39.06640625
4;7200;VOLCANIC_ROCK_VOUCHER_10000;39;15;;;;;40;15;;;;;39.5;-1171.8798828125
4;7200;RAINFOREST_RESIN;9992;31;;;;;10008;31;;;;;10000.0;273.0
4;7200;PICNIC_BASKET2;30141;15;30140;20;;;30146;1;30147;34;;;30143.5;0.0
4;7200;PICNIC_BASKET1;58346;1;58345;34;;;58355;1;58356;14;58357;20;58350.5;647.75
4;7200;CROISSANTS;4295;132;;;;;4296;132;;;;;4295.5;0.0
4;7200;VOLCANIC_ROCK_VOUCHER_9750;198;15;;;;;199;15;;;;;198.5;-2653.72265625
4;7200;MAGNIFICENT_MACARONS;757;16;754;14;748;24;765;8;773;24;779;14;761.0;59247.0
4;7200;VOLCANIC_ROCK_VOUCHER_9500;441;15;;;;;442;15;;;;;441.5;-4387.7265625
4;7300;RAINFOREST_RESIN;9992;27;;;;;10008;27;;;;;10000.0;273.0
4;7300;VOLCANIC_ROCK_VOUCHER_10250;3;13;;;;;4;13;;;;;3.5;-308.91998291015625
4;7300;SQUID_INK;1935;30;;;;;1938;30;;;;;1936.5;0.0
4;7300;VOLCANIC_ROCK_VOUCHER_9500;441;13;;;;;442;13;;;;;441.5;-4535.6796875
4;7300;CROISSANTS;4295;147;;;;;4296;147;;;;;4295.5;0.0
4;7300;MAGNIFICENT_MACARONS;759;14;757;13;751;30;767;7;776;30;782;13;763.0;59247.0
4;7300;VOLCANIC_ROCK;9940;200;;;;;9942;136;9943;64;;;9941.0;0.0
4;7300;VOLCANIC_ROCK_VOUCHER_9750;202;13;;;;;203;13;;;;;202.5;-3417.33984375
4;7300;PICNIC_BASKET2;30142;28;;;;;30148;13;30149;15;;;30145.0;0.0
4;7300;PICNIC_BASKET1;58345;13;58344;15;;;58356;13;58357;15;;;58350.5;613.25
4;7300;VOLCANIC_ROCK_VOUCHER_10000;42;13;;;;;43;13;;;;;42.5;-1872.6396484375
4;7300;KELP;2035;30;;;;;2038;30;;;;;2036.5;47.33203125
4;7300;JAMS;6451;269;;;;;6453;269;;;;;6452.0;-1468.5
4;7300;VOLCANIC_ROCK_VOUCHER_10500;0;13;;;;;2;13;;;;;1.0;-200.0
4;7300;DJEMBES;13378;61;;;;;13379;15;13380;46;;;13378.5;348.6875
4;7400;VOLCANIC_ROCK_VOUCHER_9750;200;17;;;;;201;17;;;;;200.5;-3111.3359375
4;7400;MAGNIFICENT_MACARONS;763;12;761;16;755;21;771;6;780;21;786;16;767.0;59247.0
4;7400;VOLCANIC_ROCK_VOUCHER_9500;441;17;;;;;442;17;;;;;441.5;-4387.3984375
4;7400;VOLCANIC_ROCK_VOUCHER_10500;0;17;;;;;2;17;;;;;1.0;-200.0
4;7400;DJEMBES;13378;26;13377;31;;;13379;47;;;;;13378.5;318.8125
4;7400;PICNIC_BASKET2;30144;4;30142;17;30141;16;30147;1;30148;32;;;30145.5;0.0
4;7400;PICNIC_BASKET1;58344;4;58340;1;58339;16;58349;1;58350;16;58351;16;58346.5;283.25
4;7400;CROISSANTS;4294;131;;;;;4296;131;;;;;4295.0;0.0
4;7400;KELP;2035;22;;;;;2038;22;;;;;2036.5;48.28125
4;7400;JAMS;6451;248;;;;;6453;248;;;;;6452.0;-1384.5
4;7400;VOLCANIC_ROCK_VOUCHER_10250;3;17;;;;;4;17;;;;;3.5;-302.27996826171875
4;7400;VOLCANIC_ROCK_VOUCHER_10000;42;17;;;;;43;17;;;;;42.5;-1715.6396484375
4;7400;RAINFOREST_RESIN;9992;26;;;;;10008;26;;;;;10000.0;273.0
4;7400;VOLCANIC_ROCK;9940;143;9939;43;;;9941;143;9942;43;;;9940.5;0.0
4;7400;SQUID_INK;1936;22;;;;;1939;1;1940;21;;;1937.5;0.0
4;7500;VOLCANIC_ROCK_VOUCHER_10000;48;16;;;;;49;16;;;;;48.5;-2907.48046875
4;7500;SQUID_INK;1936;24;;;;;1937;3;1939;1;1940;23;1936.5;0.0
4;7500;CROISSANTS;4294;104;;;;;4295;50;4296;54;;;4294.5;0.0
4;7500;KELP;2035;24;;;;;2036;3;2038;24;;;2035.5;52.97265625
4;7500;JAMS;6451;168;;;;;6453;168;;;;;6452.0;-1416.0
4;7500;VOLCANIC_ROCK_VOUCHER_10500;0;16;;;;;2;16;;;;;1.0;-200.0
4;7500;DJEMBES;13378;72;;;;;13379;72;;;;;13378.5;337.1875
4;7500;RAINFOREST_RESIN;9992;25;;;;;10008;25;;;;;10000.0;329.0
4;7500;VOLCANIC_ROCK_VOUCHER_10250;3;16;;;;;4;16;;;;;3.5;-326.719970703125
4;7500;VOLCANIC_ROCK;9943;138;9942;77;;;9944;138;9945;77;;;9943.5;0.0
4;7500;PICNIC_BASKET2;30139;1;30138;41;;;30144;1;30145;41;;;30141.5;10.375
4;7500;PICNIC_BASKET1;58341;1;58340;15;58339;26;58350;1;58351;15;58352;26;58345.5;317.25
4;7500;VOLCANIC_ROCK_VOUCHER_9500;444;16;;;;;445;16;;;;;444.5;-5108.8203125
4;7500;MAGNIFICENT_MACARONS;765;18;763;15;757;23;770;10;773;9;782;23;767.5;59247.0
4;7500;VOLCANIC_ROCK_VOUCHER_9750;203;16;;;;;204;16;;;;;203.5;-3603.37890625
4;7600;RAINFOREST_RESIN;9992;27;;;;;10008;27;;;;;10000.0;329.0
4;7600;PICNIC_BASKET2;30138;1;30137;44;;;30143;17;30144;28;;;30140.5;55.0
4;7600;PICNIC_BASKET1;58341;1;58340;16;58339;28;58350;1;58351;16;58352;28;58345.5;336.5
4;7600;CROISSANTS;4294;123;;;;;4295;123;;;;;4294.5;0.0
4;7600;VOLCANIC_ROCK_VOUCHER_9750;205;17;;;;;206;17;;;;;205.5;-4012.05859375
4;7600;MAGNIFICENT_MACARONS;763;18;760;16;754;29;771;9;779;29;785;16;767.0;59247.0
4;7600;VOLCANIC_ROCK_VOUCHER_9500;442;17;;;;;444;17;;;;;443.0;-4782.6015625
4;7600;VOLCANIC_ROCK_VOUCHER_10500;0;17;;;;;2;17;;;;;1.0;-200.0
4;7600;DJEMBES;13378;70;;;;;13379;70;;;;;13378.5;322.3125
4;7600;VOLCANIC_ROCK;9941;175;;;;;9943;131;9944;44;;;9942.0;0.0
4;7600;SQUID_INK;1936;30;;;;;1939;30;;;;;1937.5;0.0
4;7600;KELP;2035;30;;;;;2038;30;;;;;2036.5;55.5546875
4;7600;JAMS;6451;79;6450;112;;;6452;79;6453;112;;;6451.5;-1348.375
4;7600;VOLCANIC_ROCK_VOUCHER_10250;3;17;;;;;4;17;;;;;3.5;-312.17999267578125
4;7600;VOLCANIC_ROCK_VOUCHER_10000;40;17;;;;;41;17;;;;;40.5;-1365.83984375
4;7700;MAGNIFICENT_MACARONS;765;12;763;11;757;23;773;6;782;23;788;11;769.0;59247.0
4;7700;VOLCANIC_ROCK;9939;120;9938;53;;;9940;120;9941;53;;;9939.5;0.0
4;7700;VOLCANIC_ROCK_VOUCHER_9750;199;12;;;;;200;12;;;;;199.5;-2952.66015625
4;7700;PICNIC_BASKET2;30139;12;30138;29;;;30144;1;30145;40;;;30141.5;-1.75
4;7700;PICNIC_BASKET1;58338;1;58337;11;58336;29;58347;1;58348;11;58349;29;58342.5;148.75
4;7700;VOLCANIC_ROCK_VOUCHER_10000;42;12;;;;;43;12;;;;;42.5;-1799.0595703125
4;7700;KELP;2035;24;;;;;2037;4;2038;24;;;2036.0;53.34375
4;7700;JAMS;6451;200;;;;;6453;200;;;;;6452.0;-1386.875
4;7700;VOLCANIC_ROCK_VOUCHER_10500;0;12;;;;;2;12;;;;;1.0;-200.0
4;7700;DJEMBES;13378;75;;;;;13379;29;13380;46;;;13378.5;342.9375
4;7700;RAINFOREST_RESIN;9992;31;;;;;10008;31;;;;;10000.0;378.0
4;7700;VOLCANIC_ROCK_VOUCHER_10250;3;12;;;;;4;12;;;;;3.5;-300.01995849609375
4;7700;SQUID_INK;1935;24;;;;;1937;4;1938;24;;;1936.0;0.0
4;7700;VOLCANIC_ROCK_VOUCHER_9500;440;12;;;;;441;12;;;;;440.5;-4286.21875
4;7700;CROISSANTS;4294;113;;;;;4295;117;;;;;4294.5;0.0
4;7800;CROISSANTS;4294;96;;;;;4295;96;;;;;4294.5;0.0
4;7800;KELP;2034;22;;;;;2035;1;2036;3;2038;22;2034.5;40.4921875
4;7800;JAMS;6451;201;;;;;6453;201;;;;;6452.0;-1516.375
4;7800;VOLCANIC_ROCK_VOUCHER_10250;3;12;;;;;4;12;;;;;3.5;-317.84002685546875
4;7800;VOLCANIC_ROCK_VOUCHER_10000;38;12;;;;;40;12;;;;;39.0;-1105.18017578125
4;7800;RAINFOREST_RESIN;9992;28;;;;;10008;28;;;;;10000.0;378.0
4;7800;VOLCANIC_ROCK;9942;149;9941;48;;;9943;149;9944;48;;;9942.5;0.0
4;7800;SQUID_INK;1936;21;;;;;1938;3;1939;22;;;1937.0;0.0
4;7800;VOLCANIC_ROCK_VOUCHER_9750;202;12;;;;;203;12;;;;;202.5;-3506.3125
4;7800;MAGNIFICENT_MACARONS;769;10;767;12;761;22;777;5;786;22;792;12;773.0;59247.0
4;7800;VOLCANIC_ROCK_VOUCHER_9500;442;12;;;;;443;12;;;;;442.5;-4765.125
4;7800;DJEMBES;13378;61;;;;;13379;61;;;;;13378.5;334.0
4;7800;VOLCANIC_ROCK_VOUCHER_10500;0;12;;;;;2;12;;;;;1.0;-200.0
4;7800;PICNIC_BASKET2;30138;12;30137;26;;;30144;38;;;;;30141.0;36.0
4;7800;PICNIC_BASKET1;58337;12;58336;26;;;58348;12;58349;26;;;58342.5;153.5
4;7900;VOLCANIC_ROCK_VOUCHER_9500;441;18;;;;;442;18;;;;;441.5;-4445.7578125
4;7900;RAINFOREST_RESIN;9992;34;;;;;10008;34;;;;;10000.0;378.0
4;7900;MAGNIFICENT_MACARONS;773;12;770;16;764;26;781;6;789;26;795;16;777.0;59247.0
4;7900;VOLCANIC_ROCK_VOUCHER_9750;203;18;;;;;204;18;;;;;203.5;-3734.2421875
4;7900;PICNIC_BASKET1;58338;2;58337;16;58336;18;58347;2;58348;16;58349;18;58342.5;132.5
4;7900;PICNIC_BASKET2;30142;36;;;;;30148;18;30149;18;;;30145.0;-122.0
4;7900;VOLCANIC_ROCK_VOUCHER_10500;0;18;;;;;2;18;;;;;1.0;-200.0
4;7900;SQUID_INK;1936;28;;;;;1937;5;1939;28;;;1936.5;0.0
4;7900;CROISSANTS;4294;116;;;;;4295;116;;;;;4294.5;0.0
4;7900;DJEMBES;13378;18;13377;50;;;13379;68;;;;;13378.5;317.75
4;7900;KELP;2035;23;;;;;2038;28;;;;;2036.5;49.515625
4;7900;JAMS;6452;63;6451;129;;;6453;63;6454;129;;;6452.5;-1572.25
4;7900;VOLCANIC_ROCK_VOUCHER_10000;41;18;;;;;42;18;;;;;41.5;-1510.599609375
4;7900;VOLCANIC_ROCK_VOUCHER_10250;3;18;;;;;4;18;;;;;3.5;-306.51995849609375
4;7900;VOLCANIC_ROCK;9940;129;9939;57;;;9941;129;9942;57;;;9940.5;0.0
4;8000;DJEMBES;13378;67;;;;;13379;67;;;;;13378.5;323.8125
4;8000;VOLCANIC_ROCK;9936;103;9935;48;;;9938;151;;;;;9937.0;0.0
4;8000;VOLCANIC_ROCK_VOUCHER_10500;0;12;;;;;2;12;;;;;1.0;-200.0
4;8000;SQUID_INK;1937;4;1935;29;;;1939;29;;;;;1938.0;0.0
4;8000;KELP;2036;4;2035;1;2034;28;2038;29;;;;;2037.0;43.4375
4;8000;JAMS;6452;173;;;;;6454;173;;;;;6453.0;-1651.25
4;8000;VOLCANIC_ROCK_VOUCHER_10000;41;12;;;;;42;12;;;;;41.5;-1617.1005859375
4;8000;RAINFOREST_RESIN;9992;34;;;;;10003;2;10008;34;;;9997.5;378.0
4;8000;VOLCANIC_ROCK_VOUCHER_10250;3;12;;;;;4;12;;;;;3.5;-284.8599853515625
4;8000;CROISSANTS;4294;124;;;;;4295;61;4296;63;;;4294.5;0.0
4;8000;VOLCANIC_ROCK_VOUCHER_9750;196;12;;;;;197;12;;;;;196.5;-2236.19921875
4;8000;PICNIC_BASKET1;58334;12;58333;21;;;58344;12;58345;21;;;58339.0;-68.5
4;8000;PICNIC_BASKET2;30144;1;30143;32;;;30149;12;30150;21;;;30146.5;-330.75
4;8000;VOLCANIC_ROCK_VOUCHER_9500;437;12;;;;;438;12;;;;;437.5;-3734.078125
4;8000;MAGNIFICENT_MACARONS;771;18;769;11;763;28;779;9;788;28;794;11;775.0;59247.0
4;8100;VOLCANIC_ROCK_VOUCHER_10250;3;16;;;;;4;16;;;;;3.5;-292.8599853515625
4;8100;VOLCANIC_ROCK_VOUCHER_9500;438;16;;;;;440;16;;;;;439.0;-3981.859375
4;8100;SQUID_INK;1936;29;;;;;1939;23;;;;;1937.5;0.0
4;8100;CROISSANTS;4294;100;;;;;4295;100;;;;;4294.5;0.0
4;8100;MAGNIFICENT_MACARONS;771;16;769;15;763;22;774;3;779;8;788;22;772.5;59247.0
4;8100;VOLCANIC_ROCK_VOUCHER_9750;199;16;;;;;200;16;;;;;199.5;-2785.43359375
4;8100;PICNIC_BASKET1;58335;1;58334;15;58333;20;58344;1;58345;35;;;58339.5;-56.5
4;8100;PICNIC_BASKET2;30143;36;;;;;30149;16;30150;20;;;30146.0;-383.75
4;8100;VOLCANIC_ROCK;9937;189;;;;;9939;148;9940;41;;;9938.0;0.0
4;8100;VOLCANIC_ROCK_VOUCHER_10500;0;16;;;;;2;16;;;;;1.0;-200.0
4;8100;RAINFOREST_RESIN;9992;35;;;;;10000;2;10003;3;10008;35;9996.0;378.0
4;8100;DJEMBES;13377;60;;;;;13379;60;;;;;13378.0;293.8125
4;8100;KELP;2034;29;;;;;2037;1;2038;22;;;2035.5;28.484375
4;8100;JAMS;6452;246;;;;;6454;246;;;;;6453.0;-1621.5
4;8100;VOLCANIC_ROCK_VOUCHER_10000;37;16;;;;;38;16;;;;;37.5;-880.56005859375
4;8200;VOLCANIC_ROCK_VOUCHER_9750;198;19;;;;;199;19;;;;;198.5;-2652.62109375
4;8200;PICNIC_BASKET1;58331;1;58330;18;58329;20;58340;1;58341;18;58342;20;58335.5;-295.25
4;8200;PICNIC_BASKET2;30143;19;30142;20;;;30149;39;;;;;30146.0;-372.75
4;8200;VOLCANIC_ROCK_VOUCHER_9500;438;19;;;;;439;19;;;;;438.5;-3878.15625
4;8200;MAGNIFICENT_MACARONS;774;18;771;18;765;28;782;9;790;28;796;18;778.0;59247.0
4;8200;RAINFOREST_RESIN;9992;35;;;;;10008;35;;;;;10000.0;378.0
4;8200;DJEMBES;13377;69;;;;;13379;69;;;;;13378.0;299.1875
4;8200;VOLCANIC_ROCK_VOUCHER_10500;0;19;;;;;2;19;;;;;1.0;-200.0
4;8200;KELP;2036;1;2034;29;;;2037;29;;;;;2036.5;27.171875
4;8200;CROISSANTS;4294;121;;;;;4295;121;;;;;4294.5;0.0
4;8200;JAMS;6452;79;6451;193;;;6453;79;6454;193;;;6452.5;-1567.125
4;8200;VOLCANIC_ROCK_VOUCHER_10000;37;19;;;;;38;19;;;;;37.5;-708.3203125
4;8200;VOLCANIC_ROCK_VOUCHER_10250;3;19;;;;;4;19;;;;;3.5;-287.02001953125
4;8200;VOLCANIC_ROCK;9937;145;9936;61;;;9938;145;9939;61;;;9937.5;0.0
4;8200;SQUID_INK;1939;1;1937;29;;;1940;29;;;;;1939.5;0.0
4;8300;VOLCANIC_ROCK_VOUCHER_10500;0;16;;;;;2;16;;;;;1.0;-200.0
4;8300;SQUID_INK;1937;25;;;;;1940;25;;;;;1938.5;0.0
4;8300;DJEMBES;13377;65;;;;;13378;65;;;;;13377.5;279.875
4;8300;KELP;2034;25;;;;;2038;25;;;;;2036.0;32.46875
4;8300;CROISSANTS;4294;136;;;;;4296;136;;;;;4295.0;0.0
4;8300;MAGNIFICENT_MACARONS;770;14;767;15;761;24;778;7;786;24;792;15;774.0;59247.0
4;8300;JAMS;6452;254;;;;;6454;254;;;;;6453.0;-1651.25
4;8300;VOLCANIC_ROCK_VOUCHER_10000;36;16;;;;;37;16;;;;;36.5;-662.5205078125
4;8300;VOLCANIC_ROCK_VOUCHER_10250;3;16;;;;;4;16;;;;;3.5;-282.32000732421875
4;8300;VOLCANIC_ROCK;9936;107;9935;66;;;9937;107;9938;66;;;9936.5;0.0
4;8300;VOLCANIC_ROCK_VOUCHER_9500;437;16;;;;;438;16;;;;;437.5;-3698.2421875
4;8300;RAINFOREST_RESIN;10003;9;9992;26;;;10008;26;;;;;10005.5;392.0
4;8300;VOLCANIC_ROCK_VOUCHER_9750;196;16;;;;;197;16;;;;;196.5;-2335.640625
4;8300;PICNIC_BASKET1;58332;1;58331;15;58330;17;58341;1;58342;15;58343;17;58336.5;-222.75
4;8300;PICNIC_BASKET2;30146;16;30145;17;;;30151;1;30152;32;;;30148.5;-654.75
4;8400;CROISSANTS;4294;125;;;;;4295;50;4296;75;;;4294.5;0.0
4;8400;VOLCANIC_ROCK_VOUCHER_9750;198;18;;;;;199;18;;;;;198.5;-2619.484375
4;8400;PICNIC_BASKET1;58330;18;58329;27;;;58341;45;;;;;58335.5;-301.5
4;8400;PICNIC_BASKET2;30142;45;;;;;30148;18;30149;27;;;30145.0;-317.25
4;8400;VOLCANIC_ROCK_VOUCHER_9500;437;18;;;;;438;18;;;;;437.5;-3731.8046875
4;8400;DJEMBES;13377;69;;;;;13378;69;;;;;13377.5;265.375
4;8400;MAGNIFICENT_MACARONS;770;10;767;18;761;27;778;5;786;27;792;18;774.0;59247.0
4;8400;VOLCANIC_ROCK;9936;140;9935;48;;;9938;188;;;;;9937.0;0.0
4;8400;VOLCANIC_ROCK_VOUCHER_10500;0;18;;;;;2;18;;;;;1.0;-200.0
4;8400;SQUID_INK;1939;27;;;;;1940;1;1943;27;;;1939.5;0.0
4;8400;JAMS;6451;214;;;;;6453;214;;;;;6452.0;-1443.25
4;8400;VOLCANIC_ROCK_VOUCHER_10000;37;18;;;;;38;18;;;;;37.5;-782.4599609375
4;8400;KELP;2034;26;;;;;2037;27;;;;;2035.5;26.4609375
4;8400;RAINFOREST_RESIN;9992;25;;;;;10008;25;;;;;10000.0;419.0
4;8400;VOLCANIC_ROCK_VOUCHER_10250;3;18;;;;;4;18;;;;;3.5;-286.20001220703125
4;8500;VOLCANIC_ROCK_VOUCHER_9750;198;13;;;;;199;13;;;;;198.5;-2553.33984375
4;8500;PICNIC_BASKET1;58334;1;58333;35;;;58343;1;58344;12;58345;23;58338.5;-73.0
4;8500;PICNIC_BASKET2;30143;13;30142;23;;;30149;36;;;;;30146.0;-373.75
4;8500;VOLCANIC_ROCK;9936;111;9935;58;;;9938;169;;;;;9937.0;0.0
4;8500;VOLCANIC_ROCK_VOUCHER_10500;0;13;;;;;2;13;;;;;1.0;-200.0
4;8500;RAINFOREST_RESIN;9992;25;;;;;10008;25;;;;;10000.0;419.0
4;8500;DJEMBES;13377;54;;;;;13378;54;;;;;13377.5;270.3125
4;8500;JAMS;6452;4;6451;247;;;6453;247;;;;;6452.5;-1511.0
4;8500;VOLCANIC_ROCK_VOUCHER_10000;38;13;;;;;39;13;;;;;38.5;-1042.30029296875
4;8500;KELP;2034;22;;;;;2037;1;2038;21;;;2035.5;28.9296875
4;8500;VOLCANIC_ROCK_VOUCHER_10250;3;13;;;;;4;13;;;;;3.5;-284.719970703125
4;8500;SQUID_INK;1940;22;;;;;1943;22;;;;;1941.5;0.0
4;8500;VOLCANIC_ROCK_VOUCHER_9500;437;13;;;;;438;13;;;;;437.5;-3754.3828125
4;8500;CROISSANTS;4294;140;;;;;4295;62;4296;78;;;4294.5;0.0
4;8500;MAGNIFICENT_MACARONS;768;14;765;12;759;21;776;7;784;21;790;12;772.0;59247.0
4;8600;SQUID_INK;1941;25;;;;;1944;24;;;;;1942.5;0.0
4;8600;CROISSANTS;4294;106;;;;;4296;106;;;;;4295.0;0.0
4;8600;JAMS;6451;262;;;;;6453;262;;;;;6452.0;-1490.375
4;8600;VOLCANIC_ROCK_VOUCHER_10000;42;33;;;;;43;13;;;;;42.5;-1855.5205078125
4;8600;KELP;2034;25;;;;;2037;24;;;;;2035.5;22.8671875
4;8600;VOLCANIC_ROCK_VOUCHER_10250;3;33;;;;;4;13;;;;;3.5;-289.94000244140625
4;8600;MAGNIFICENT_MACARONS;768;20;766;13;760;24;776;10;785;24;791;13;772.0;59247.0
4;8600;VOLCANIC_ROCK;9937;151;9936;43;;;9938;142;9939;43;;;9937.5;0.0
4;8600;VOLCANIC_ROCK_VOUCHER_9750;200;33;;;;;201;13;;;;;200.5;-2935.6796875
4;8600;PICNIC_BASKET1;58336;13;58335;23;;;58347;13;58348;23;;;58341.5;69.25
4;8600;PICNIC_BASKET2;30144;36;;;;;30150;13;30151;23;;;30147.0;-499.25
4;8600;VOLCANIC_ROCK_VOUCHER_9500;438;33;;;;;439;13;;;;;438.5;-3900.9609375
4;8600;RAINFOREST_RESIN;9992;35;;;;;10008;35;;;;;10000.0;419.0
4;8600;DJEMBES;13377;68;;;;;13379;68;;;;;13378.0;304.875
4;8600;VOLCANIC_ROCK_VOUCHER_10500;1;20;0;13;;;2;13;;;;;1.5;-200.0
4;8700;VOLCANIC_ROCK_VOUCHER_9500;437;15;;;;;438;15;;;;;437.5;-3631.8046875
4;8700;RAINFOREST_RESIN;9997;6;9992;29;;;9999;1;10008;29;;;9998.0;419.0
4;8700;VOLCANIC_ROCK_VOUCHER_9750;199;15;;;;;200;15;;;;;199.5;-2733.09765625
4;8700;PICNIC_BASKET1;58341;15;58340;16;;;58352;15;58353;16;;;58346.5;404.0
4;8700;PICNIC_BASKET2;30151;15;30150;16;;;30157;31;;;;;30154.0;-1154.5
4;8700;VOLCANIC_ROCK_VOUCHER_10500;0;15;;;;;2;15;;;;;1.0;-200.0
4;8700;DJEMBES;13377;66;;;;;13379;66;;;;;13378.0;299.3125
4;8700;CROISSANTS;4295;124;;;;;4297;124;;;;;4296.0;0.0
4;8700;MAGNIFICENT_MACARONS;770;16;767;15;761;20;778;8;786;20;792;15;774.0;59247.0
4;8700;JAMS;6452;88;6451;188;;;6453;88;6454;188;;;6452.5;-1543.125
4;8700;VOLCANIC_ROCK_VOUCHER_10000;37;15;;;;;38;15;;;;;37.5;-714.07958984375
4;8700;KELP;2034;20;;;;;2037;20;;;;;2035.5;16.359375
4;8700;VOLCANIC_ROCK_VOUCHER_10250;3;15;;;;;4;15;;;;;3.5;-280.55999755859375
4;8700;SQUID_INK;1942;20;;;;;1946;20;;;;;1944.0;0.0
4;8700;VOLCANIC_ROCK;9935;193;;;;;9937;115;9938;78;;;9936.0;0.0
4;8800;DJEMBES;13378;66;;;;;13379;66;;;;;13378.5;335.25
4;8800;MAGNIFICENT_MACARONS;774;10;771;14;765;24;782;5;790;24;796;14;778.0;59247.0
4;8800;VOLCANIC_ROCK;9935;114;9934;42;;;9936;114;9937;42;;;9935.5;0.0
4;8800;VOLCANIC_ROCK_VOUCHER_10500;0;14;;;;;2;14;;;;;1.0;-200.0
4;8800;SQUID_INK;1942;24;;;;;1945;24;;;;;1943.5;0.0
4;8800;JAMS;6451;237;;;;;6453;237;;;;;6452.0;-1518.25
4;8800;VOLCANIC_ROCK_VOUCHER_10000;35;14;;;;;36;14;;;;;35.5;-344.01953125
4;8800;KELP;2034;24;;;;;2037;24;;;;;2035.5;12.44140625
4;8800;RAINFOREST_RESIN;9992;35;;;;;10008;35;;;;;10000.0;420.0
4;8800;VOLCANIC_ROCK_VOUCHER_10250;3;14;;;;;4;14;;;;;3.5;-276.02001953125
4;8800;CROISSANTS;4295;123;;;;;4296;52;4297;71;;;4295.5;0.0
4;8800;VOLCANIC_ROCK_VOUCHER_9750;196;14;;;;;197;14;;;;;196.5;-2310.51953125
4;8800;PICNIC_BASKET1;58337;14;58336;16;;;58348;14;58349;16;;;58342.5;159.5
4;8800;PICNIC_BASKET2;30151;14;30150;16;;;30157;30;;;;;30154.0;-1165.25
4;8800;VOLCANIC_ROCK_VOUCHER_9500;436;14;;;;;437;14;;;;;436.5;-3500.5859375
4;8900;VOLCANIC_ROCK_VOUCHER_10250;3;3;;;;;4;13;;;;;3.5;-252.94000244140625
4;8900;SQUID_INK;1939;26;;;;;1941;8;1942;26;;;1940.0;0.0
4;8900;VOLCANIC_ROCK_VOUCHER_9500;432;3;;;;;433;13;;;;;432.5;-2768.71875
4;8900;CROISSANTS;4295;128;;;;;4296;64;4297;64;;;4295.5;0.0
4;8900;MAGNIFICENT_MACARONS;776;18;774;12;768;25;784;9;793;25;799;12;780.0;59247.0
4;8900;VOLCANIC_ROCK_VOUCHER_9750;195;3;;;;;196;13;;;;;195.5;-2040.3203125
4;8900;PICNIC_BASKET1;58338;1;58337;12;58336;28;58347;1;58348;12;58349;28;58342.5;137.5
4;8900;PICNIC_BASKET2;30152;1;30151;40;;;30157;13;30158;28;;;30154.5;-1195.75
4;8900;VOLCANIC_ROCK;9931;227;;;;;9933;147;9934;80;;;9932.0;0.0
4;8900;VOLCANIC_ROCK_VOUCHER_10500;0;13;;;;;1;10;2;13;;;0.5;-200.0
4;8900;RAINFOREST_RESIN;9992;27;;;;;10008;27;;;;;10000.0;420.0
4;8900;JAMS;6451;215;;;;;6453;215;;;;;6452.0;-1496.125
4;8900;VOLCANIC_ROCK_VOUCHER_10000;37;3;;;;;38;13;;;;;37.5;-773.41943359375
4;8900;DJEMBES;13378;75;;;;;13379;75;;;;;13378.5;322.625
4;8900;KELP;2034;26;;;;;2036;8;2037;26;;;2035.0;13.81640625
4;9000;VOLCANIC_ROCK_VOUCHER_9750;194;15;;;;;195;15;;;;;194.5;-1789.40234375
4;9000;PICNIC_BASKET1;58337;1;58336;14;58335;23;58346;1;58347;14;58348;23;58341.5;97.25
4;9000;PICNIC_BASKET2;30150;1;30149;37;;;30155;15;30156;23;;;30152.5;-997.5
4;9000;VOLCANIC_ROCK_VOUCHER_9500;432;15;;;;;433;15;;;;;432.5;-2694.640625
4;9000;RAINFOREST_RESIN;9992;33;;;;;10008;33;;;;;10000.0;420.0
4;9000;DJEMBES;13377;66;;;;;13378;23;13379;43;;;13377.5;291.125
4;9000;VOLCANIC_ROCK_VOUCHER_10500;0;15;;;;;2;15;;;;;1.0;-200.0
4;9000;SQUID_INK;1940;29;;;;;1943;28;;;;;1941.5;0.0
4;9000;CROISSANTS;4295;99;;;;;4296;37;4297;62;;;4295.5;0.0
4;9000;VOLCANIC_ROCK_VOUCHER_10000;39;15;;;;;40;15;;;;;39.5;-1162.11962890625
4;9000;JAMS;6451;217;;;;;6453;217;;;;;6452.0;-1463.0
4;9000;KELP;2034;29;;;;;2037;28;;;;;2035.5;19.0078125
4;9000;VOLCANIC_ROCK_VOUCHER_10250;3;15;;;;;4;15;;;;;3.5;-253.44000244140625
4;9000;MAGNIFICENT_MACARONS;777;9;773;20;771;14;781;10;790;27;796;14;779.0;59247.0
4;9000;VOLCANIC_ROCK;9931;114;9930;46;;;9932;114;9933;46;;;9931.5;0.0
4;9100;VOLCANIC_ROCK;9930;100;9929;60;;;9932;160;;;;;9931.0;0.0
4;9100;VOLCANIC_ROCK_VOUCHER_10500;0;11;;;;;2;11;;;;;1.0;-200.0
4;9100;VOLCANIC_ROCK_VOUCHER_10000;39;11;;;;;40;11;;;;;39.5;-1107.66015625
4;9100;MAGNIFICENT_MACARONS;773;10;770;11;764;24;781;5;790;24;796;11;777.0;59247.0
4;9100;CROISSANTS;4295;109;;;;;4296;42;4297;67;;;4295.5;0.0
4;9100;JAMS;6451;239;;;;;6453;239;;;;;6452.0;-1438.625
4;9100;DJEMBES;13378;18;13377;31;;;13379;49;;;;;13378.5;310.375
4;9100;KELP;2034;24;;;;;2037;24;;;;;2035.5;25.1484375
4;9100;VOLCANIC_ROCK_VOUCHER_10250;3;11;;;;;4;11;;;;;3.5;-250.52001953125
4;9100;SQUID_INK;1939;24;;;;;1943;24;;;;;1941.0;0.0
4;9100;VOLCANIC_ROCK_VOUCHER_9500;431;11;;;;;432;11;;;;;431.5;-2559.234375
4;9100;RAINFOREST_RESIN;9992;30;;;;;10008;30;;;;;10000.0;420.0
4;9100;VOLCANIC_ROCK_VOUCHER_9750;191;11;;;;;192;11;;;;;191.5;-1313.48046875
4;9100;PICNIC_BASKET1;58336;11;58335;18;;;58341;5;58347;11;58348;18;58338.5;82.75
4;9100;PICNIC_BASKET2;30146;29;;;;;30149;5;30152;11;30153;18;30147.5;-694.0
4;9200;VOLCANIC_ROCK_VOUCHER_9750;193;14;;;;;194;14;;;;;193.5;-1700.51953125
4;9200;PICNIC_BASKET1;58333;14;58332;24;;;58344;14;58345;24;;;58338.5;-82.5
4;9200;CROISSANTS;4295;109;;;;;4296;54;4297;55;;;4295.5;0.0
4;9200;PICNIC_BASKET2;30151;38;;;;;30157;14;30158;24;;;30154.0;-1214.25
4;9200;VOLCANIC_ROCK_VOUCHER_9500;432;14;;;;;433;14;;;;;432.5;-2734.421875
4;9200;MAGNIFICENT_MACARONS;777;12;774;14;768;29;785;6;793;29;799;14;781.0;59247.0
4;9200;DJEMBES;13377;24;13376;38;;;13378;62;;;;;13377.5;252.625
4;9200;VOLCANIC_ROCK_VOUCHER_10500;0;14;;;;;2;14;;;;;1.0;-200.0
4;9200;SQUID_INK;1940;29;;;;;1942;7;1943;29;;;1941.0;0.0
4;9200;VOLCANIC_ROCK_VOUCHER_10000;34;14;;;;;35;14;;;;;34.5;-210.39990234375
4;9200;JAMS;6451;221;;;;;6453;221;;;;;6452.0;-1464.75
4;9200;KELP;2034;29;;;;;2036;7;2037;29;;;2035.0;22.84765625
4;9200;VOLCANIC_ROCK;9931;116;9930;42;;;9933;164;;;;;9932.0;0.0
4;9200;RAINFOREST_RESIN;9992;28;;;;;10008;28;;;;;10000.0;420.0
4;9200;VOLCANIC_ROCK_VOUCHER_10250;3;14;;;;;4;14;;;;;3.5;-255.53997802734375
4;9300;VOLCANIC_ROCK_VOUCHER_9750;195;15;;;;;196;15;;;;;195.5;-2003.08203125
4;9300;PICNIC_BASKET1;58339;15;58338;26;;;58349;15;58350;26;;;58344.0;235.25
4;9300;PICNIC_BASKET2;30152;41;;;;;30158;15;30159;26;;;30155.0;-1319.0
4;9300;VOLCANIC_ROCK;9933;105;9932;51;;;9934;105;9935;51;;;9933.5;0.0
4;9300;VOLCANIC_ROCK_VOUCHER_10500;0;15;;;;;2;15;;;;;1.0;-200.0
4;9300;RAINFOREST_RESIN;9992;26;;;;;10008;26;;;;;10000.0;420.0
4;9300;VOLCANIC_ROCK_VOUCHER_10000;35;15;;;;;36;15;;;;;35.5;-412.7001953125
4;9300;JAMS;6451;221;;;;;6453;221;;;;;6452.0;-1491.0
4;9300;DJEMBES;13376;60;;;;;13378;60;;;;;13377.0;236.0625
4;9300;KELP;2034;26;;;;;2037;26;;;;;2035.5;15.6640625
4;9300;VOLCANIC_ROCK_VOUCHER_10250;3;15;;;;;4;15;;;;;3.5;-265.52001953125
4;9300;SQUID_INK;1941;26;;;;;1944;26;;;;;1942.5;0.0
4;9300;VOLCANIC_ROCK_VOUCHER_9500;434;15;;;;;435;15;;;;;434.5;-3125.921875
4;9300;MAGNIFICENT_MACARONS;778;18;775;15;769;26;786;9;794;26;800;15;782.0;59247.0
4;9300;CROISSANTS;4295;149;;;;;4296;57;4297;92;;;4295.5;0.0
4;9400;SQUID_INK;1941;3;1939;25;;;1942;25;;;;;1941.5;0.0
4;9400;VOLCANIC_ROCK_VOUCHER_10000;37;16;;;;;38;16;;;;;37.5;-852.16015625
4;9400;CROISSANTS;4295;95;;;;;4296;39;4297;56;;;4295.5;0.0
4;9400;JAMS;6451;186;;;;;6453;186;;;;;6452.0;-1499.375
4;9400;KELP;2035;3;2034;25;;;2037;25;;;;;2036.0;13.09765625
4;9400;VOLCANIC_ROCK;9931;138;9930;77;;;9932;138;9933;77;;;9931.5;0.0
4;9400;VOLCANIC_ROCK_VOUCHER_10250;3;16;;;;;4;16;;;;;3.5;-255.15997314453125
4;9400;MAGNIFICENT_MACARONS;778;12;775;15;769;24;786;6;794;24;800;15;782.0;59247.0
4;9400;VOLCANIC_ROCK_VOUCHER_9750;193;16;;;;;194;16;;;;;193.5;-1557.921875
4;9400;PICNIC_BASKET1;58337;16;58336;24;;;58347;16;58348;24;;;58342.0;116.0
4;9400;PICNIC_BASKET2;30153;1;30152;39;;;30158;16;30159;24;;;30155.5;-1299.0
4;9400;VOLCANIC_ROCK_VOUCHER_9500;432;16;;;;;433;16;;;;;432.5;-2616.703125
4;9400;RAINFOREST_RESIN;9992;26;;;;;10008;26;;;;;10000.0;420.0
4;9400;DJEMBES;13373;71;;;;;13374;24;13375;47;;;13373.5;44.4375
4;9400;VOLCANIC_ROCK_VOUCHER_10500;0;16;;;;;2;16;;;;;1.0;-200.0
4;9500;VOLCANIC_ROCK_VOUCHER_9500;428;13;;;;;429;13;;;;;428.5;-1832.2421875
4;9500;RAINFOREST_RESIN;9992;27;;;;;9998;3;10008;27;;;9995.0;420.0
4;9500;VOLCANIC_ROCK_VOUCHER_9750;189;13;;;;;190;13;;;;;189.5;-802.62109375
4;9500;PICNIC_BASKET1;58342;13;58341;22;;;58352;13;58353;22;;;58347.0;416.0
4;9500;PICNIC_BASKET2;30152;13;30151;22;;;30158;35;;;;;30155.0;-1276.0
4;9500;VOLCANIC_ROCK;9927;105;9926;78;;;9928;105;9929;78;;;9927.5;0.0
4;9500;VOLCANIC_ROCK_VOUCHER_10500;0;13;;;;;2;13;;;;;1.0;-200.0
4;9500;MAGNIFICENT_MACARONS;778;20;775;12;769;28;786;10;794;28;800;12;782.0;59247.0
4;9500;VOLCANIC_ROCK_VOUCHER_10000;36;13;;;;;37;13;;;;;36.5;-579.33984375
4;9500;CROISSANTS;4295;134;;;;;4296;38;4297;96;;;4295.5;0.0
4;9500;KELP;2034;29;;;;;2037;29;;;;;2035.5;14.01953125
4;9500;JAMS;6452;257;;;;;6454;257;;;;;6453.0;-1642.375
4;9500;DJEMBES;13373;22;13372;48;;;13374;70;;;;;13373.5;11.625
4;9500;VOLCANIC_ROCK_VOUCHER_10250;3;13;;;;;4;13;;;;;3.5;-230.63995361328125
4;9500;SQUID_INK;1937;29;;;;;1940;29;;;;;1938.5;0.0
4;9600;MAGNIFICENT_MACARONS;776;16;774;13;768;21;784;8;793;21;799;13;780.0;59247.0
4;9600;DJEMBES;13374;19;13373;40;;;13375;59;;;;;13374.5;73.5
4;9600;VOLCANIC_ROCK_VOUCHER_10500;0;14;;;;;2;14;;;;;1.0;-200.0
4;9600;VOLCANIC_ROCK_VOUCHER_10000;38;14;;;;;39;14;;;;;38.5;-933.64013671875
4;9600;SQUID_INK;1940;2;1939;1;1938;21;1942;22;;;;;1941.0;0.0
4;9600;KELP;2036;2;2034;22;;;2037;22;;;;;2036.5;19.140625
4;9600;JAMS;6452;95;6451;195;;;6453;95;6454;195;;;6452.5;-1562.125
4;9600;VOLCANIC_ROCK;9928;109;9927;58;;;9929;109;9930;58;;;9928.5;0.0
4;9600;RAINFOREST_RESIN;9997;7;9992;32;;;10008;32;;;;;10002.5;426.0
4;9600;VOLCANIC_ROCK_VOUCHER_10250;3;14;;;;;4;14;;;;;3.5;-239.739990234375
4;9600;VOLCANIC_ROCK_VOUCHER_9750;190;14;;;;;191;14;;;;;190.5;-978.55859375
4;9600;PICNIC_BASKET1;58335;14;58334;19;;;58345;1;58346;32;;;58340.0;-3.0
4;9600;CROISSANTS;4295;141;;;;;4296;46;4297;95;;;4295.5;0.0
4;9600;PICNIC_BASKET2;30154;14;30153;19;;;30160;33;;;;;30157.0;-1478.5
4;9600;VOLCANIC_ROCK_VOUCHER_9500;429;14;;;;;430;14;;;;;429.5;-2128.515625
4;9700;VOLCANIC_ROCK_VOUCHER_10250;3;30;;;;;4;10;;;;;3.5;-239.239990234375
4;9700;SQUID_INK;1939;28;;;;;1940;9;1943;28;;;1939.5;0.0
4;9700;VOLCANIC_ROCK_VOUCHER_9500;429;30;;;;;430;10;;;;;429.5;-2040.59375
4;9700;MAGNIFICENT_MACARONS;770;20;768;10;762;28;778;10;787;28;793;10;774.0;59247.0
4;9700;CROISSANTS;4296;106;;;;;4297;106;;;;;4296.5;0.0
4;9700;VOLCANIC_ROCK_VOUCHER_9750;190;30;;;;;191;10;;;;;190.5;-1100.04296875
4;9700;PICNIC_BASKET1;58340;10;58339;19;;;58351;10;58352;19;;;58345.5;317.75
4;9700;PICNIC_BASKET2;30158;10;30157;19;;;30164;29;;;;;30161.0;-1843.75
4;9700;VOLCANIC_ROCK;9928;122;9927;68;;;9929;122;9930;68;;;9928.5;0.0
4;9700;VOLCANIC_ROCK_VOUCHER_10500;1;20;0;10;;;2;10;;;;;1.5;-200.0
4;9700;RAINFOREST_RESIN;9992;33;;;;;10008;33;;;;;10000.0;426.0
4;9700;VOLCANIC_ROCK_VOUCHER_10000;41;30;;;;;42;10;;;;;41.5;-1652.7802734375
4;9700;KELP;2034;19;;;;;2037;28;;;;;2035.5;27.01953125
4;9700;JAMS;6452;52;6451;107;;;6453;52;6454;107;;;6452.5;-1584.625
4;9700;DJEMBES;13374;19;13373;41;;;13375;60;;;;;13374.5;76.0625
4;9800;VOLCANIC_ROCK_VOUCHER_9750;192;11;;;;;193;11;;;;;192.5;-1482.98046875
4;9800;PICNIC_BASKET1;58347;11;58346;17;;;58358;28;;;;;58352.5;719.0
4;9800;PICNIC_BASKET2;30161;11;30160;17;;;30167;28;;;;;30164.0;-2159.0
